2878 4698
657 149 869 208 ..52-

176 313 256 390 (cap.
281 311 330 386 34,
354 306 425 391 42);
448 306 562 386 deinde
586 301 737 398 ἀργαλέῳ
765 311 877 396 δεσμῷ
905 311 1117 400 προςέδησεν.
1162 312 1270 376 Facile
1294 335 1358 378 au-

175 415 240 474 tem
263 409 434 493 intelliges
451 410 532 475 haee
559 412 657 476 verba
687 433 758 477 oum
786 433 881 478 versu
909 414 1023 498 Odyss.
1054 420 1101 493 12,
1126 409 1359 492 119111111-

174 531 299 594 gruere,
323 515 359 574 ut
380 511 454 576 inde
476 518 605 596 sumpta
626 534 695 578 esse
717 515 893 580 videantur.

259 614 337 696 (lap.
363 617 392 678 2.
434 610 585 701 τράπεζα
607 614 800 703 παρέκειτο,
826 623 874 682 33.
896 617 953 684 καὶ
973 617 1122 706 τράπεζα
1144 615 1222 705 ἡμῖν
1243 621 1359 706 παρέ-

172 739 262 781 κειτο
278 715 317 779 cf.
334 715 424 782 Iliad.
440 721 490 792 24,
515 723 589 781 476ε
612 711 662 780 ἔτι
682 715 739 782 καὶ
760 720 939 806 παρέκειτο
961 717 1119 808 τράπεζα.

165 835 173 842 “
258 817 469 900 ἐξοχώτατος.
497 812 610 898 ἔξοχος
636 820 721 902 apud
753 821 927 886 Lucianum
957 843 1115 903 nusquam
1142 824 1263 897 inveni,
1287 825 1357 888 nisi

170 920 204 983 in
233 921 313 985 loeis
341 942 379 984 ex
407 927 576 1004 poetarum
602 922 692 986 libris
723 923 907 1006 desumptis.
956 926 1039 988 Nam
1069 923 1163 989 Char.
1194 918 1358 1005 8ἔξοχος

171 1011 366 1108 ἀνθρώπων
385 1029 460 1088 sunt
481 1024 579 1088 verba
600 1023 732 1088 Homeri
755 1024 794 1091 ll.
819 1031 847 1098 3,
872 1031 948 1105 226;
971 1033 1009 1089 ut
1029 1026 1143 1090 Piscat.
1161 1033 1353 1108 11111111-

170 1121 227 1186 'det
248 1122 284 1187 Il.
313 1129 360 1203 18,
384 1127 462 1204 5073
491 1124 572 1190 Gall.
604 1132 621 1190 ‘l
647 1124 832 1213 μεγάνορος
864 1121 970 1206 ἔξοχα·
985 1125 1135 1192 πλούτου
1160 1129 1193 1192 in
1216 1128 1355 1192 Pindari

172 1225 312 1290 carmine
328 1228 492 1292 notissimo
513 1229 724 1292 inveniuntur.
770 1228 874 1292 Etiam
900 1227 1086 1310 superlativi
1108 1226 1229 1304 forma,
1253 1251 1355 1311 quarn

170 1327 254 1417 apnd
283 1329 458 1398 Homerum
487 1351 550 1394 non
583 1329 653 1412 legi,
687 1350 708 1393 a
739 1331 879 1395 Lucieno
913 1352 953 1394 ex
977 1329 1105 1406 Pindar.
1135 1330 1224 1394 Nem.
1255 1335 1284 1409 2,
1310 1335 1354 1395 27

170 1422 254 1512 cippi
276 1424 418 1510 άέθλοις
444 1429 645 1512 ἐξοχώτατοι
667 1439 724 1496 aut
745 1433 834 1498 Nem.
858 1440 886 1510 4,
913 1440 981 1499 150..
1002 1429 1188 1512 ἐξοχώτατα
1211 1429 1355 1519 φάσθαι

170 1535 389 1618 transsumpta
407 1533 485 1597 mihi
505 1534 638 1597 videtur.

129 1694 130 1703 ,
256 1637 330 1720 Cap.
355 1644 383 1702 5.
428 1629 526 1700 ἔνθεν
548 1629 632 1701 ἑλών
658 1642 708 1700 est
735 1637 875 1700 formula
898 1638 1069 1702 homerica.
1094 1637 1208 1728 Odyss.
1233 1641 1261 1714 8,
1286 1643 1351 1702 500

31 1709 35 1720 ³
127 1710 130 1733 l

33 1784 56 1827 1,.
126 1736 129 1747 '
170 1741 268 1824 φαῖνε
295 1731 446 1824 δ’άσιδὴν
463 1729 585 1802 ’Ἑνθεν
606 1731 690 1802 ἑλών
715 1732 761 1814 ώς
783 1734 815 1802 οὶ
836 1738 898 1821 μὲν
921 1731 1100 1816 ἀπέπλεον,
1122 1738 1195 1802 inde
1218 1759 1351 1804 sumens

11 1842 14 1851 '
42 1830 52 1874 ¹¹
168 1841 339 1906 materiam
362 1841 505 1905 canendi.

181 1973 183 1978 ·
257 1949 305 2009 13.
327 1940 484 2032 βλέφαρα
507 1943 691 2026 saepissime
714 1964 733 2006 a
755 1945 858 2027 poetis
882 1945 1003 2008 dictum
1026 1965 1106 2024 esse,
1129 1939 1182 2008 ubi
1205 1965 1244 2007 ex
1267 1943 1351 2008 Ger-

168 2066 336 2110 manorum
367 2037 631 2132 11111δφθαλμσ1
658 2051 876 2128 expectamus,
907 2047 1061 2130 exemplis
1091 2067 1155 2112 non
1189 2048 1280 2128 opus'
1299 2053 1352 2111 est

170 2148 370 2214 oonfirmare.

254 2256 302 2316 22.
325 2249 360 2316 ἒν
379 2247 550 2336 προδόμῳ.
596 2250 779 2316 Notandum
802 2259 859 2328 est,
882 2243 1351 2332 110110111111111111111111910-

78 2368 81 2375 ·
167 2373 222 2418 sae
244 2353 398 2418 orationis
421 2353 595 2433 scriptores
618 2352 711 2434 plane
734 2351 937 2432 inusitatum,
967 2353 1051 2435 apud
1074 2351 1248 2416 Homerum
1272 2371 1348 2416 sae-

166 2454 297 2537 pissime
320 2475 390 2517 cum
412 2455 482 2536 ipsa
504 2454 741 2537 praepositione
763 2451 799 2519 ἐν
821 2455 1022 2519 coniunctum
1047 2459 1165 2518 extare.

253 2561 303 2620 24.
334 2554 512 2643 σαρδόνιον
541 2554 698 2640 γελῶντες
726 2556 884 2620 invenitur
917 2558 1003 2640 apud
1029 2557 1213 2622 Homerum.
1233 2555 1351 2640 Odyss.

168 2664 218 2736 20,
243 2663 313 2724 302.
336 2654 474 2746 μείδησε
496 2657 532 2721 δὲ
555 2659 655 2740 θυμῷ
676 2654 863 2743 Σαρδάνιον
884 2657 976 2738 μάλα
999 2661 1097 2722 τοῖον.
1245 2730 1248 2736 ,

255 2768 303 2826 31.
336 2757 400 2838 λάξ
424 2755 569 2846 ἐκίνησα.
617 2759 724 2823 Verba
750 2755 814 2834 λάξ
841 2755 922 2822 ποδὶ
949 2757 1084 2844 κινήσας
1102 2761 1243 2824 Luoiano
1271 2765 1349 2824 ante

167 2865 276 2930 oculos
292 2863 502 2929 versabantur
524 2862 568 2944 (ll.
589 2868 636 2937 10,
656 2866 715 2926 158
739 2859 852 2944 Odyss.
872 2862 1000 2943 1555.)
1044 2860 1149 2926 Etiam
1164 2863 1196 2924 in
1212 2861 1350 2942 Lexiph.

170 2975 217 3048 10,
241 2967 297 3050 qui
324 2965 451 3049 quidem
473 2965 554 3029 liber
577 2985 596 3026 a
619 2963 778 3028 nonnullis
801 2963 928 3045 spurius
944 2963 1089 3043 habetur,
1113 2970 1227 3048 poetae
1243 2965 1350 3031 cuius-

83 3113 88 3121 ·
168 3071 242 3152 dam
272 3071 371 3136 verba
398 3069 501 3132 inesse
531 3067 694 3140 existimo,
725 3085 796 3130 curn
826 3067 917 3130 nnius
948 3067 1093 3130 vocabuli
1122 3069 1197 3132 sede
1221 3077 1350 3136 mutata

166 3173 269 3236 iustus
293 3192 404 3236 versus
427 3169 546 3234 efficiat
532 3174 601 3231 t:ur
624 3160 780 3256 άμηχέπη

253 3269 347 3361 δίκην
368 3263 505 3338 ἐδαικΗ
494 3297 512 3357 η
507 3264 601 3346 λάξ
629 3265 782 3355 πατήσας
810 3261 921 3356 ᾤχετο.

250 3378 337 3442 Int
324 3376 420 3440 tertio
450 3379 554 3440 autern
584 3373 653 3436 loeo
686 3373 844 3456 (Sympos
875 3380 925 3438 45.
953 3372 1087 3463 ἐτρώθη
1118 3371 1224 3452 λάξ
1207 3400 1242 3454 ες
1269 3379 1348 3458 τούς

166 3470 320 3561 ὀδόντας)
343 3475 408 3554 λάξ
427 3477 511 3539 nude
533 3477 617 3558 posit
619 3497 672 3540 uni
695 3484 753 3540 est.

252 3589 300 3648 33.
325 3577 497 3670 ἐρρύσατο
542 3577 633 3642 Haeo
654 3578 758 3643 forma
775 3584 920 3644 nontam
936 3578 1187 3659 Luoranoquam
1204 3581 1345 3648 Homero

165 3695 215 3751 est
241 3683 426 3759 tribuenda,
457 3701 551 3764 quern
575 3673 661 3766 (άλλ>
692 3668 804 3744 οὐδ
777 3705 823 3758 ως
850 3675 990 3769 ἑτάρους
1021 3677 1223 3771 ἐρρύσατο“
1213 3680 1345 3766 ιε’μενός

165 3811 229 3876 περ
253 3789 365 3872 Odyss
392 3793 417 3863 1,
443 3791 478 3862 6;
502 3785 557 3863 al.)
581 3784 761 3866 respexisse
783 3783 837 3846 ille
860 3785 949 3848 mihi·
958 3783 1090 3848 videtur.

164 3917 167 3920 ·
250 3891 347 3956 Sed
339 3913 372 3954 m
394 3877 594 3966 vocabulo-²
573 3882 740 3970 αχὲραιχσς
767 3890 836 3968 oap.
845 3885 917 3950 40.
947 3877 1036 3973 άγέρ.
1069 3878 1145 3963 tvos
1174 3879 1273 3950 44.'
1250 3886 1341 3976 αγὲρ.

164 3993 220 4060 καὶ
248 3992 358 4060 πάντα
379 3986 562 4079 περίεργος
584 4009 646 4050 nou
677 3987 810 4052 eandem
840 3989 945 4054 inesse
968 3989 1029 4052 vim
1053 3997 1149 4072 atque
1172 3990 1258 4072 apud
1279 3991 1343 4055 Ho-

163 4119 286 4162 merum
309 4091 453 4184 (Τρώων
477 4082 652 4178 δχερώχισν
672 4089 710 4154 11.
736 4098 762 4168 3,
781 4095 828 4169 36,
853 4097 881 4168 5,
906 4097 967 4156 623
991 4087 1177 4157 ο1Ρσδίων
1198 4083 1288 4179 άχερ.
1314 4099 1341 4174 2,

165 4207 235 4266 654.
278 4193 398 4265 Μυσοί
419 4187 445 4260 τ’
470 4187 634 4282 άχερωχσι
659 4197 712 4271 10,
744 4197 814 4258 430.
837 4192 1087 4282 Περικλύμενος
1115 4187 1205 4282 άγερ.
1229 4196 1341 4280 Odyss·

167 4310 220 4380 11,
250 4309 327 4382 286,
357 4301 413 4366 ubi
441 4297 587 4364 homines
614 4295 707 4361 vuldo
741 4296 914 4362 honoratos
942 4298 1112 4382 signifieat)
1142 4299 1221 4362 satis
1249 4299 1342 4364 nobis
