2878 4698
16 357 218 470 Χ..

648 2 841 153 emp!
1013 0 1021 94 l
1145 44 1219 90 ιτ
1272 0 1292 93 ’ν
1342 23 1438 176 Ἥ,

762 135 1301 366 e-ptaauaplo
1321 90 1419 294 tp

276 343 353 429 (lap.
376 351 428 410 47.
472 341 530 410 ἐπὶ
600 347 617 365 ”
737 345 745 367 '
829 342 840 368 ‘
955 337 964 361 '
1017 365 1126 410 coram
1148 343 1276 411 dommo
1299 346 1395 412 oon·
1388 339 1437 504 ὅ,

190 451 304 511 victus.
354 447 516 532 Perseepe
571 450 704 515 ucianus
732 453 765 515 in
794 451 1033 534 praepositione
1054 441 1113 513 ἐπὶ
1134 469 1204 515 cum
1228 451 1379 532 genetivo

191 549 358 613 coniuncte
386 550 521 615 eandem
564 551 608 614 im
635 552 740 616 inesse
769 553 869 617 voluit
898 557 996 636 atque
1018 553 1051 616 in
1073 551 1261 617 Latinorum
1283 573 1379 616 voca—

190 649 401 754 bulQm
425 653 479 730 144,
502 656 539 716 44
579 649 618 717 πὶ
639 653 700 717 τοῦ
722 652 888 720 δεσπότου
911 653 1106 737 significaret
1129 648 1298 742 παρόντος
1313 655 1380 718 τοῦ

190 743 378 818 όεσπότοο.”
415 753 513 817 Cuius
577 756 588 818 i
617 755 763 838 exempla
791 755 871 820 14444
900 755 1039 820 videbis:
1070 755 1187 818 Piscat.
1217 761 1267 820 40.
1299 747 1376 821 όπο

187 851 476 941 λογησομένους’
460 852 538 924 επὶ..
569 851 772 943 clipeatis.
830 856 891 921 Oet
877 857 956 941 t.apl
982 863 1029 922 18.
1053 855 1195 921 Alexand
1226 863 1276 922 44.
1314 851 1378 922 ἐπὶ

188 953 325 1021 πολλῶν
346 957 523 1045 παρόντων
591 959 682 1044 ilops
707 964 758 1024 22.
780 952 839 1024 ἐπι
859 957 1037 1054 μαρτύριον
1061 959 1099 1022 de
1123 965 1217 1024 mort.
1241 959 1376 1044 Peregr

191 1061 217 1120 1.
240 1053 298 1122 ἐπὶ
318 1052 485 1125 τοσούτων
505 1084 554 1142 μα
593 1055 683 1150 όρον.

272 1160 370 1224 τοῦτο
390 1154 624 1260 μὲν-4441441414
645 1185 704 1247 pro
727 1160 854 1229 acinos
844 1161 960 1248 apud
982 1161 1126 1228 Herodot
1112 1167 1182 1228 tum
1206 1185 1272 1228 non
1295 1183 1375 1229 raro

189 1260 331 1344 positum
369 1281 439 1325 esse
471 1250 555 1328 44444
571 1228 703 1331 lomnes
738 1271 874 1331 constat.
929 1267 1036 1350 Atque
1065 1267 1164 1332 etism
1194 1265 1376 1330 Lucianum

50 1747 65 1765 N
119 1825 124 1830 .
191 1773 327 1838 Iearom.
352 1770 506 1837 andan.
552 1823 559 1838 .

22 1368 64 1381 ”
96 1379 101 1398 ’
126 1368 129 1384 “
187 1357 338 1446 frequent
339 1383 389 1428 em
412 1362 511 1429 fuisse
532 1342 636 1445 1441414
659 1367 821 1434 4444144114
850 1367 1046 1454 usurpandis
1074 1369 1253 1434 rectissime
1282 1367 1375 1432 Som-

58 1476 64 1506 1
188 1448 603 1838 44444144414441444441ἷ41
625 1469 712 1553 Nigr.
736 1491 827 1555 capp.
854 1475 1047 1550 16,18,35.

275 1567 350 1652 Cap.
376 1574 424 1633 51.
468 1591 537 1634 οπο
577 1569 794 1659 βρεγμένος
785 1595 813 1638 44
841 1574 920 1640 dicit
906 1577 960 1640 444
988 1572 1166 1650 46444414,
1190 1573 1244 1655 qui
1267 1570 1373 1637 4144-

187 1670 263 1736 tinis
285 1665 534 1749 madefactus]'‘e
557 1671 634 1737 rius.
680 1673 726 1738 of.
749 1675 824 1740 dial.
841 1676 927 1742 deor.
944 1681 993 1754 23,
1011 1682 1045 1753 2;
1069 1670 1191 1752 ἱκανῶς
1205 1666 1370 1758 ὑποβεβρ.

463 1875 470 1887 .
685 1878 691 1883 ι
956 1769 1357 1877 ’.11411444441444

272 1876 354 1942 Tum
376 1874 415 1940 de
443 1894 489 1940 ers
511 1876 672 1943 vocabulis
705 1883 738 1943 et
758 1879 972 1946 locutionibus
994 1878 1166 1946 dicendum
1186 1877 1265 1942 mihi
1287 1875 1374 1941 vide-

186 1982 251 2057 tur,
285 1999 369 2062 quae
400 1980 545 2066 quamvis
578 1984 635 2045 444
667 2001 800 2073 perraro
833 1985 889 2046 aut
922 2003 1082 2066 nusquam
1113 1979 1200 2065 apud
1228 1980 1370 2064 optimos

189 2081 366 2165 scriptores
383 2079 523 2148 Graecos
537 2082 749 2162 inveniantur,
773 2089 881 2150 tamen
904 2105 963 2150 nos
985 2101 1171 2168 permovere
1194 2087 1371 2168 nequeant,

188 2188 226 2248 44
248 2185 375 2248 asinum
397 2203 418 2250 a
439 2185 580 2250 Luciano
603 2185 836 2267 abiudicemus‚
860 2208 932 2252 cum
954 2188 988 2252 in
1012 2189 1126 2253 ceteris
1149 2187 1293 2254 eiusdem
1315 2207 1370 2252 au-

192 2285 290 2350 ctoris
314 2286 444 2370 scriptis
466 2307 530 2352 non
552 2287 651 2352 semel
673 2288 763 2354 nobis
787 2293 966 2354 occurrent.

273 2387 395 2466 Quibus
423 2409 462 2454 ea
488 2389 607 2455 addere
633 2411 699 2471 nou
728 2391 853 2471 dubito,
883 2413 966 2474 quae
995 2377 1151 2475 exemplis
1173 2411 1213 2455 ex
1235 2388 1373 2454 Luciam

112 2493 114 2500 “
187 2489 276 2556 libris
303 2492 414 2576 petitis
441 2513 506 2558 non
529 2491 772 2574 confirmentur,
803 2495 861 2560 sed
882 2496 929 2560 ita
950 2494 1103 2562 facillime
1127 2491 1280 2577 explicari
1298 2511 1373 2574 pos-

188 2594 260 2672 sint,
284 2598 322 2658 ut
345 2595 386 2658 ed
410 2595 527 2660 similes
550 2594 682 2672 dicendi
698 2595 852 2661 formulas
875 2597 1057 2662 referantur
1080 2601 1136 2664 aut
1159 2618 1199 2662 ex
1221 2593 1371 2660 similiter

187 2696 280 2762 dictis
308 2695 453 2780 profecta
480 2717 550 2762 esse
580 2696 770 2762 iudicentur.
816 2697 886 2762 Τ411
915 2700 999 2764 enim
1021 2700 1116 2764 modo
1138 2696 1370 2790 4444411444-

186 2795 275 2864 feudi
296 2819 392 2882 posse
414 2799 564 2876 arbitror,
586 2819 669 2882 quae
683 2800 787 2884 primo
803 2800 958 2885 adspectu
972 2821 1036 2866 non
1051 2799 1146 2866 modo
1160 2799 1363 2881 4444441444

188 2901 352 2966 Lucianea
385 2901 441 2966 sed
477 2903 576 2967 etiam
611 2923 631 2966 4
660 2923 807 2967 sermone
834 2923 951 2988 graeco
977 2903 1084 2970 aliena
1111 2921 1182 2968 esse
1209 2899 1366 2964 videntur.

191 3001 274 3082 Quid
297 3003 400 3068 enim?
428 3003 456 3068 si
481 3001 515 3066 in
541 3002 687 3068 omnibus
709 3003 843 3072 Luciani
869 3007 969 3091 script
969 3007 997 3070 is
1024 3026 1088 3070 non
1109 3001 1234 3069 facile
1224 3001 1365 3065 invenies

191 3105 291 3173 verba
324 3127 407 3190 quae
440 3105 591 3190 leguntur
617 3106 650 3170 in
678 3105 756 3172 asin
783 3127 853 3193 cap.
887 3113 936 3173 22.
957 3101 1366 3207 μεοοόαςμῆυωός,

189 3231 267 3274 num
289 3229 328 3274 ea
349 3208 421 3275 ideo
442 3207 498 3274 illo
521 3213 597 3274 4444
599 3227 654 3273 444
676 3229 810 3293 prorsus
830 3209 961 3294 indigna
975 3230 1046 3274 esse
1062 3205 1233 3272 censebis?
1255 3203 1366 3269 Nonne

189 3311 342 3378 facillime
372 3309 597 3376 accideret
540 3331 582 3394 po
584 3311 684 3376 tuisse
711 3317 769 3396 put
756 3311 917 3392 tabis‚ut
880 3311 1039 3397 utscript
1040 3333 1085 3390 or,
1109 3309 1166 3393 qui
1186 3307 1291 3374 verbis
1312 3331 1368 3391 με·

188 3411 312 3503 σοόσης
333 3415 392 3501 τῆς
414 3404 541 3502 ἡμέρας
564 3413 692 3497 saepius
714 3433 793 3478 usus
814 3419 948 3494 444441),
971 3412 1129 3495 evolgari
1144 3411 1272 3477 dicendi
1294 3431 1367 3475 con-

188 3516 354 3582 suetudine
375 3516 540 3580 recederet
562 3515 704 3582 stillam
724 3515 918 3582 locutionem
939 3515 1083 3580 imitatus
1105 3514 1189 3580 hanc
1204 3513 1368 3598 effingeret

187 3617 379 3683 simillimam
400 3612 566 3704 μεσούσης
587 3617 647 3702 τῆς
666 3609 800 3694 cvnctis?
827 3656 864 3667 -
885 3617 1036 3682 Attamen
1057 3617 1091 3681 in
1112 3615 1175 3682 hec
1196 3638 1232 3682 re
1247 3637 1285 3681 eo
1300 3637 1363 3682 non

188 3721 440 3805 progrediemur,
463 3724 500 3784 ut
521 3737 582 3798 res,
605 3739 689 3801 queo
704 3741 796 3786 veras
812 3719 1021 3786 difficultates
1035 3719 1222 3805 praebeant,
1244 3723 1366 3784 temere

187 3822 279 3889 brevi
300 3824 463 3890 tollamus.
517 3819 580 3888 Sed
609 3823 675 3886 iem
705 3821 830 3906 singula
851 3822 1026 3888 videamus.
1071 3823 1117 3888 Ac
1138 3823 1277 3907 primum
1298 3823 1366 3905 qui-

187 3925 261 3990 dem
283 3945 322 3991 ea
342 3923 537 4010 proferenda
557 3922 635 3988 mihi
658 3929 741 4006 sunt,
764 3943 845 4008 quae
860 3925 921 3990 etsi
944 3947 1017 3993 cum
1039 3931 1181 3992 veterum
1196 3929 1366 3990 auctorum

188 4029 333 4094 oratione
356 4049 420 4094 non
443 4009 623 4108 concinunt,
645 4030 764 4108 tamen,
788 4049 861 4094 cum
885 4031 917 4094 et
937 4029 1114 4095 Lucianum
1130 4032 1169 4092 44
1184 4025 1265 4092 41144
1280 4025 1365 4092 111144

187 4131 303 4198 4444414
324 4132 408 4197 viros
432 4131 478 4198 eis
500 4151 729 4216 nonnunquam
750 4152 826 4212 usos
849 4152 920 4200 esse
942 4150 1186 4217 cognoscamus,
1214 4135 1366 4218 nontam

241 4347 281 4424 '¹)
319 4351 355 4408 cf.
375 4351 533 4433 Schwidop.
550 4357 702 4416 observatt
719 4373 747 4428 p.
764 4354 808 4410 33.
