<?xml version="1.0" encoding="UTF-8"?>
<!DOCTYPE html PUBLIC "-//W3C//DTD XHTML 1.0 Transitional//EN"
    "http://www.w3.org/TR/xhtml1/DTD/xhtml1-transitional.dtd">
<html xmlns="http://www.w3.org/1999/xhtml" xml:lang="en" lang="en">
 <head>
  <title>
</title>
<meta http-equiv="Content-Type" content="text/html;charset=utf-8" />
  <meta name='ocr-system' content='tesseract 3.04.00' />
  <meta name='ocr-capabilities' content='ocr_page ocr_carea ocr_par ocr_line ocrx_word'/>
</head>
<body>
  <div class='ocr_page' id='page_1' title='image "./delucianolibell00knaugoog_0025.png"; bbox 0 0 2878 4698; ppageno 0'>
   <div class='ocr_carea' id='block_1_1' title="bbox 678 121 894 202">
    <p class='ocr_par' dir='ltr' id='par_1_1' title="bbox 678 121 894 202">
     <span class='ocr_line' id='line_1_1' title="bbox 678 121 894 202; baseline 0.009 -18"><span class='ocrx_word' id='word_1_1' title='bbox 678 121 894 202; x_wconf 55' lang='lat'><strong>..222-</strong></span> 
     </span>
    </p>
   </div>
   <div class='ocr_carea' id='block_1_2' title="bbox 198 288 1393 390">
    <p class='ocr_par' dir='ltr' id='par_1_2' title="bbox 198 288 1393 390">
     <span class='ocr_line' id='line_1_2' title="bbox 198 288 1393 390; baseline 0.001 -22"><span class='ocrx_word' id='word_1_2' title='bbox 198 305 372 382; x_wconf 82' lang='lat' dir='ltr'><strong>narmtur,·</strong></span> <span class='ocrx_word' id='word_1_3' title='bbox 391 288 554 386; x_wconf 68' lang='lat' dir='ltr'><strong>mommo</strong></span> <span class='ocrx_word' id='word_1_4' title='bbox 566 293 694 370; x_wconf 24' lang='lat' dir='ltr'><strong>*tucius</strong></span> <span class='ocrx_word' id='word_1_5' title='bbox 708 321 756 372; x_wconf 82' lang='lat' dir='ltr'><strong>ex</strong></span> <span class='ocrx_word' id='word_1_6' title='bbox 777 303 872 372; x_wconf 76' lang='grc' dir='ltr'>ιιιιιιὶι</span> <span class='ocrx_word' id='word_1_7' title='bbox 892 309 927 372; x_wconf 86' lang='grc' dir='ltr'><strong>ιι</strong></span> <span class='ocrx_word' id='word_1_8' title='bbox 949 304 1150 388; x_wconf 72' lang='lat' dir='ltr'><strong>muniantur,</strong></span> <span class='ocrx_word' id='word_1_9' title='bbox 1173 303 1291 390; x_wconf 72' lang='lat' dir='ltr'><strong>quibam</strong></span> <span class='ocrx_word' id='word_1_10' title='bbox 1316 327 1393 370; x_wconf 89' lang='lat' dir='ltr'><strong>eum</strong></span> 
     </span>
    </p>
   </div>
   <div class='ocr_carea' id='block_1_3' title="bbox 170 407 1394 4416">
    <p class='ocr_par' dir='ltr' id='par_1_3' title="bbox 170 407 1394 781">
     <span class='ocr_line' id='line_1_3' title="bbox 201 407 1394 490; baseline 0 -18"><span class='ocrx_word' id='word_1_11' title='bbox 201 425 348 490; x_wconf 79' lang='lat' dir='ltr'><strong>pressum</strong></span> <span class='ocrx_word' id='word_1_12' title='bbox 370 423 443 470; x_wconf 86' lang='lat' dir='ltr'><strong>osso</strong></span> <span class='ocrx_word' id='word_1_13' title='bbox 462 407 577 472; x_wconf 77' lang='lat' dir='ltr'><strong>auctor</strong></span> <span class='ocrx_word' id='word_1_14' title='bbox 599 412 751 474; x_wconf 84' lang='lat' dir='ltr'><strong>accurato</strong></span> <span class='ocrx_word' id='word_1_15' title='bbox 771 407 865 474; x_wconf 88' lang='lat' dir='ltr'><strong>nobis</strong></span> <span class='ocrx_word' id='word_1_16' title='bbox 886 408 1029 487; x_wconf 72' lang='lat' dir='ltr'><strong>tradidit,</strong></span> <span class='ocrx_word' id='word_1_17' title='bbox 1054 408 1097 476; x_wconf 74' lang='lat' dir='ltr'><strong>ani</strong></span> <span class='ocrx_word' id='word_1_18' title='bbox 1120 407 1286 474; x_wconf 83' lang='lat' dir='ltr'><strong>meliorem</strong></span> <span class='ocrx_word' id='word_1_19' title='bbox 1302 407 1394 472; x_wconf 85' lang='lat' dir='ltr'><strong>vitoe</strong></span> 
     </span>
     <span class='ocr_line' id='line_1_4' title="bbox 170 507 1393 598; baseline 0.002 -24"><span class='ocrx_word' id='word_1_20' title='bbox 170 589 174 598; x_wconf 22' lang='grc' dir='ltr'><em>ι</em></span> <span class='ocrx_word' id='word_1_21' title='bbox 201 507 421 576; x_wconf 82' lang='lat' dir='ltr'><strong>condicionem</strong></span> <span class='ocrx_word' id='word_1_22' title='bbox 452 507 494 573; x_wconf 89' lang='lat' dir='ltr'><strong>sit</strong></span> <span class='ocrx_word' id='word_1_23' title='bbox 524 513 679 576; x_wconf 84' lang='lat' dir='ltr'><strong>servatus.</strong></span> <span class='ocrx_word' id='word_1_24' title='bbox 723 512 769 576; x_wconf 85' lang='lat' dir='ltr'><strong>Ac</strong></span> <span class='ocrx_word' id='word_1_25' title='bbox 790 509 868 578; x_wconf 91' lang='lat' dir='ltr'><strong>mihi</strong></span> <span class='ocrx_word' id='word_1_26' title='bbox 889 511 1019 595; x_wconf 87' lang='lat' dir='ltr'><strong>quidem</strong></span> <span class='ocrx_word' id='word_1_27' title='bbox 1040 510 1119 577; x_wconf 86' lang='lat' dir='ltr'><strong>haec</strong></span> <span class='ocrx_word' id='word_1_28' title='bbox 1140 510 1276 579; x_wconf 88' lang='lat' dir='ltr'><strong>Luciaui</strong></span> <span class='ocrx_word' id='word_1_29' title='bbox 1300 512 1393 576; x_wconf 84' lang='lat' dir='ltr'><strong>ratio</strong></span> 
     </span>
     <span class='ocr_line' id='line_1_5' title="bbox 200 609 1394 698; baseline 0.001 -20"><span class='ocrx_word' id='word_1_30' title='bbox 200 633 272 678; x_wconf 89' lang='lat' dir='ltr'><strong>oum</strong></span> <span class='ocrx_word' id='word_1_31' title='bbox 294 610 424 687; x_wconf 83' lang='lat' dir='ltr'><strong>fabulae</strong></span> <span class='ocrx_word' id='word_1_32' title='bbox 447 609 578 676; x_wconf 75' lang='lat' dir='ltr'><strong>ocumlio</strong></span> <span class='ocrx_word' id='word_1_33' title='bbox 600 611 704 696; x_wconf 82' lang='lat' dir='ltr'><strong>magis</strong></span> <span class='ocrx_word' id='word_1_34' title='bbox 725 612 907 680; x_wconf 85' lang='lat' dir='ltr'><strong>consentire</strong></span> <span class='ocrx_word' id='word_1_35' title='bbox 929 611 1063 695; x_wconf 85' lang='lat' dir='ltr'><strong>videtur,</strong></span> <span class='ocrx_word' id='word_1_36' title='bbox 1085 635 1182 698; x_wconf 82' lang='lat' dir='ltr'><strong>quam</strong></span> <span class='ocrx_word' id='word_1_37' title='bbox 1201 613 1304 680; x_wconf 85' lang='lat' dir='ltr'><strong>latior</strong></span> <span class='ocrx_word' id='word_1_38' title='bbox 1331 613 1394 680; x_wconf 88' lang='lat' dir='ltr'><strong>illa</strong></span> 
     </span>
     <span class='ocr_line' id='line_1_6' title="bbox 200 711 694 781; baseline -0.002 0"><span class='ocrx_word' id='word_1_39' title='bbox 200 717 234 781; x_wconf 90' lang='grc' dir='ltr'><strong>ιι</strong></span> <span class='ocrx_word' id='word_1_40' title='bbox 256 711 404 780; x_wconf 81' lang='lat' dir='ltr'><strong>diffusior</strong></span> <span class='ocrx_word' id='word_1_41' title='bbox 425 711 518 779; x_wconf 86' lang='lat' dir='ltr'><strong>Lucii</strong></span> <span class='ocrx_word' id='word_1_42' title='bbox 539 715 694 780; x_wconf 82' lang='lat' dir='ltr'><strong>namatio.</strong></span> 
     </span>
    </p>

    <p class='ocr_par' dir='ltr' id='par_1_4' title="bbox 198 815 1393 3680">
     <span class='ocr_line' id='line_1_7' title="bbox 285 815 1392 903; baseline 0.005 -23.093"><span class='ocrx_word' id='word_1_43' title='bbox 285 815 321 903; x_wconf 84' lang='lat'><strong>6)</strong></span> <span class='ocrx_word' id='word_1_44' title='bbox 364 815 533 896; x_wconf 75' lang='lat' dir='ltr'><strong>Lucienus,</strong></span> <span class='ocrx_word' id='word_1_45' title='bbox 555 815 610 883; x_wconf 90' lang='lat' dir='ltr'><strong>ubi</strong></span> <span class='ocrx_word' id='word_1_46' title='bbox 632 815 756 885; x_wconf 87' lang='lat' dir='ltr'><strong>asinum</strong></span> <span class='ocrx_word' id='word_1_47' title='bbox 780 817 822 886; x_wconf 83' lang='lat' dir='ltr'><strong>ob</strong></span> <span class='ocrx_word' id='word_1_48' title='bbox 848 818 1020 886; x_wconf 79' lang='lat' dir='ltr'><strong>hortulano</strong></span> <span class='ocrx_word' id='word_1_49' title='bbox 1037 823 1157 884; x_wconf 89' lang='lat' dir='ltr'><strong>emtum</strong></span> <span class='ocrx_word' id='word_1_50' title='bbox 1166 839 1242 884; x_wconf 82' lang='lat' dir='ltr'><strong>esse</strong></span> <span class='ocrx_word' id='word_1_51' title='bbox 1260 825 1392 896; x_wconf 86' lang='lat' dir='ltr'><strong>narrat,</strong></span> 
     </span>
     <span class='ocr_line' id='line_1_8' title="bbox 199 910 1393 1008; baseline 0.001 -21"><span class='ocrx_word' id='word_1_52' title='bbox 199 921 249 988; x_wconf 86' lang='lat' dir='ltr'><strong>his</strong></span> <span class='ocrx_word' id='word_1_53' title='bbox 278 919 388 1004; x_wconf 85' lang='lat' dir='ltr'><strong>paucio</strong></span> <span class='ocrx_word' id='word_1_54' title='bbox 418 919 520 1002; x_wconf 86' lang='lat' dir='ltr'><strong>utitur</strong></span> <span class='ocrx_word' id='word_1_55' title='bbox 548 919 669 987; x_wconf 80' lang='lat' dir='ltr'><strong>verbis:</strong></span> <span class='ocrx_word' id='word_1_56' title='bbox 697 941 766 1006; x_wconf 86' lang='lat' dir='ltr'><strong>cap</strong></span> <span class='ocrx_word' id='word_1_57' title='bbox 794 927 844 989; x_wconf 80' lang='grc'><strong>43</strong></span> <span class='ocrx_word' id='word_1_58' title='bbox 875 918 999 1000; x_wconf 63' lang='lat' dir='ltr'><strong>Music</strong></span> <span class='ocrx_word' id='word_1_59' title='bbox 1028 910 1088 988; x_wconf 77' lang='lat' dir='ltr'><strong>cdv</strong></span> <span class='ocrx_word' id='word_1_60' title='bbox 1116 916 1204 987; x_wconf 76' lang='lat' dir='ltr'><strong>advo</strong></span> <span class='ocrx_word' id='word_1_61' title='bbox 1229 914 1393 1008; x_wconf 73' lang='grc' dir='ltr'><strong>γίγνομαι</strong></span> 
     </span>
     <span class='ocr_line' id='line_1_9' title="bbox 199 997 1392 1114; baseline -0.001 -26"><span class='ocrx_word' id='word_1_62' title='bbox 199 1020 258 1090; x_wconf 78' lang='grc' dir='ltr'><strong>καὶ</strong></span> <span class='ocrx_word' id='word_1_63' title='bbox 270 1014 471 1114; x_wconf 67' lang='grc' dir='ltr'>ἆσθιιὴς’</span> <span class='ocrx_word' id='word_1_64' title='bbox 449 1015 535 1090; x_wconf 70' lang='lat' dir='ltr'><strong>dove</strong></span> <span class='ocrx_word' id='word_1_65' title='bbox 558 997 804 1112; x_wconf 73' lang='lat' dir='ltr'><strong>ddroudvpc³”</strong></span> <span class='ocrx_word' id='word_1_66' title='bbox 781 1047 864 1112; x_wconf 74' lang='lat' dir='ltr'><strong>syro</strong></span> <span class='ocrx_word' id='word_1_67' title='bbox 879 1048 921 1110; x_wconf 82' lang='grc' dir='ltr'><strong>με</strong></span> <span class='ocrx_word' id='word_1_68' title='bbox 940 1023 1106 1110; x_wconf 77' lang='grc' dir='ltr'><strong>πωλῆσαι</strong></span> <span class='ocrx_word' id='word_1_69' title='bbox 1129 1022 1193 1088; x_wconf 85' lang='lat' dir='ltr'><strong>Sed</strong></span> <span class='ocrx_word' id='word_1_70' title='bbox 1208 1023 1392 1108; x_wconf 79' lang='lat' dir='ltr'><strong>Appuleius</strong></span> 
     </span>
     <span class='ocr_line' id='line_1_10' title="bbox 199 1123 1390 1211; baseline 0 -19"><span class='ocrx_word' id='word_1_71' title='bbox 199 1123 263 1192; x_wconf 85' lang='lat' dir='ltr'><strong>de</strong></span> <span class='ocrx_word' id='word_1_72' title='bbox 272 1123 336 1192; x_wconf 83' lang='lat' dir='ltr'><strong>hac</strong></span> <span class='ocrx_word' id='word_1_73' title='bbox 367 1145 406 1190; x_wconf 88' lang='lat' dir='ltr'><strong>re</strong></span> <span class='ocrx_word' id='word_1_74' title='bbox 438 1124 482 1208; x_wconf 88' lang='lat' dir='ltr'><strong>(X</strong></span> <span class='ocrx_word' id='word_1_75' title='bbox 507 1147 580 1211; x_wconf 82' lang='lat' dir='ltr'><strong>pag.</strong></span> <span class='ocrx_word' id='word_1_76' title='bbox 618 1127 708 1211; x_wconf 85' lang='lat'>620.)</span> <span class='ocrx_word' id='word_1_77' title='bbox 733 1125 838 1192; x_wconf 74' lang='lat' dir='ltr'><strong>names</strong></span> <span class='ocrx_word' id='word_1_78' title='bbox 864 1147 904 1193; x_wconf 79' lang='lat' dir='ltr'><strong>ao</strong></span> <span class='ocrx_word' id='word_1_79' title='bbox 931 1127 1031 1194; x_wconf 88' lang='lat' dir='ltr'><strong>miros</strong></span> <span class='ocrx_word' id='word_1_80' title='bbox 1057 1125 1185 1192; x_wconf 78' lang='lat' dir='ltr'><strong>fabulas</strong></span> <span class='ocrx_word' id='word_1_81' title='bbox 1213 1127 1390 1206; x_wconf 76' lang='lat' dir='ltr'><strong>conseruit,</strong></span> 
     </span>
     <span class='ocr_line' id='line_1_11' title="bbox 203 1227 1389 1316; baseline 0 -20"><span class='ocrx_word' id='word_1_82' title='bbox 203 1249 340 1315; x_wconf 86' lang='lat' dir='ltr'><strong>quarum</strong></span> <span class='ocrx_word' id='word_1_83' title='bbox 361 1249 439 1313; x_wconf 79' lang='lat' dir='ltr'><strong>pars</strong></span> <span class='ocrx_word' id='word_1_84' title='bbox 461 1227 503 1296; x_wconf 88' lang='lat' dir='ltr'><strong>ob</strong></span> <span class='ocrx_word' id='word_1_85' title='bbox 527 1233 658 1297; x_wconf 84' lang='lat' dir='ltr'><strong>auctore</strong></span> <span class='ocrx_word' id='word_1_86' title='bbox 679 1229 789 1308; x_wconf 86' lang='lat' dir='ltr'><strong>latino,</strong></span> <span class='ocrx_word' id='word_1_87' title='bbox 811 1251 890 1314; x_wconf 84' lang='lat' dir='ltr'><strong>pars</strong></span> <span class='ocrx_word' id='word_1_88' title='bbox 912 1231 1062 1316; x_wconf 80' lang='lat' dir='ltr'><strong>aprione</strong></span> <span class='ocrx_word' id='word_1_89' title='bbox 1085 1231 1241 1315; x_wconf 86' lang='lat' dir='ltr'><strong>scriptore</strong></span> <span class='ocrx_word' id='word_1_90' title='bbox 1256 1229 1389 1296; x_wconf 87' lang='lat' dir='ltr'><strong>videtur</strong></span> 
     </span>
     <span class='ocr_line' id='line_1_12' title="bbox 199 1329 1388 1418; baseline 0 -18"><span class='ocrx_word' id='word_1_91' title='bbox 199 1329 311 1400; x_wconf 76' lang='lat' dir='ltr'><strong>addita</strong></span> <span class='ocrx_word' id='word_1_92' title='bbox 339 1351 422 1396; x_wconf 85' lang='lat' dir='ltr'><strong>esse.</strong></span> <span class='ocrx_word' id='word_1_93' title='bbox 474 1331 607 1400; x_wconf 88' lang='lat' dir='ltr'><strong>Lucium</strong></span> <span class='ocrx_word' id='word_1_94' title='bbox 636 1332 719 1398; x_wconf 87' lang='lat' dir='ltr'><strong>euim</strong></span> <span class='ocrx_word' id='word_1_95' title='bbox 745 1331 927 1399; x_wconf 67' lang='lat' dir='ltr'><strong>narravisse</strong></span> <span class='ocrx_word' id='word_1_96' title='bbox 949 1338 1028 1418; x_wconf 92' lang='lat' dir='ltr'><strong>puto</strong></span> <span class='ocrx_word' id='word_1_97' title='bbox 1049 1333 1219 1418; x_wconf 78' lang='lat' dir='ltr'><strong>pistorem,</strong></span> <span class='ocrx_word' id='word_1_98' title='bbox 1243 1334 1302 1418; x_wconf 84' lang='lat' dir='ltr'><strong>qui</strong></span> <span class='ocrx_word' id='word_1_99' title='bbox 1325 1335 1388 1400; x_wconf 85' lang='lat' dir='ltr'><strong>asi·</strong></span> 
     </span>
     <span class='ocr_line' id='line_1_13' title="bbox 198 1434 1388 1515; baseline -0.002 -12"><span class='ocrx_word' id='word_1_100' title='bbox 198 1458 276 1504; x_wconf 91' lang='lat' dir='ltr'><strong>uum</strong></span> <span class='ocrx_word' id='word_1_101' title='bbox 308 1434 454 1514; x_wconf 88' lang='lat' dir='ltr'><strong>emisset,</strong></span> <span class='ocrx_word' id='word_1_102' title='bbox 489 1434 693 1504; x_wconf 79' lang='lat' dir='ltr'><strong>interfectum</strong></span> <span class='ocrx_word' id='word_1_103' title='bbox 725 1456 797 1501; x_wconf 88' lang='lat' dir='ltr'><strong>esse</strong></span> <span class='ocrx_word' id='word_1_104' title='bbox 839 1434 962 1502; x_wconf 77' lang='lat' dir='ltr'>insidiis</span> <span class='ocrx_word' id='word_1_105' title='bbox 1001 1443 1035 1503; x_wconf 88' lang='lat' dir='ltr'><strong>et</strong></span> <span class='ocrx_word' id='word_1_106' title='bbox 1072 1437 1231 1503; x_wconf 87' lang='lat' dir='ltr'><strong>veneficiis</strong></span> <span class='ocrx_word' id='word_1_107' title='bbox 1264 1437 1388 1515; x_wconf 84' lang='lat' dir='ltr'><strong>uxoris,</strong></span> 
     </span>
     <span class='ocr_line' id='line_1_14' title="bbox 201 1538 1387 1628; baseline -0.003 -20"><span class='ocrx_word' id='word_1_108' title='bbox 201 1562 309 1626; x_wconf 48' lang='lat' dir='ltr'><strong>quam,</strong></span> <span class='ocrx_word' id='word_1_109' title='bbox 324 1538 540 1626; x_wconf 72' lang='lat' dir='ltr'><strong>impudicitiae</strong></span> <span class='ocrx_word' id='word_1_110' title='bbox 571 1560 669 1606; x_wconf 86' lang='lat' dir='ltr'><strong>causa</strong></span> <span class='ocrx_word' id='word_1_111' title='bbox 684 1539 939 1628; x_wconf 73' lang='lat' dir='ltr'><strong>¹repudiavisset.</strong></span> <span class='ocrx_word' id='word_1_112' title='bbox 983 1541 1158 1625; x_wconf 80' lang='lat' dir='ltr'><strong>Appuleius</strong></span> <span class='ocrx_word' id='word_1_113' title='bbox 1179 1540 1278 1625; x_wconf 85' lang='lat' dir='ltr'><strong>igitur</strong></span> <span class='ocrx_word' id='word_1_114' title='bbox 1301 1540 1387 1608; x_wconf 85' lang='lat' dir='ltr'><strong>hauc</strong></span> 
     </span>
     <span class='ocr_line' id='line_1_15' title="bbox 198 1641 1386 1730; baseline 0 -20"><span class='ocrx_word' id='word_1_115' title='bbox 198 1644 417 1716; x_wconf 70' lang='lat' dir='ltr'><strong>uenationem</strong></span> <span class='ocrx_word' id='word_1_116' title='bbox 445 1663 510 1709; x_wconf 89' lang='lat' dir='ltr'><strong>uon</strong></span> <span class='ocrx_word' id='word_1_117' title='bbox 535 1641 631 1708; x_wconf 88' lang='lat' dir='ltr'>modo</span> <span class='ocrx_word' id='word_1_118' title='bbox 659 1642 840 1723; x_wconf 80' lang='lat' dir='ltr'><strong>exornavit,</strong></span> <span class='ocrx_word' id='word_1_119' title='bbox 870 1643 1043 1710; x_wconf 87' lang='lat' dir='ltr'><strong>sedetiam</strong></span> <span class='ocrx_word' id='word_1_120' title='bbox 1072 1644 1154 1710; x_wconf 87' lang='lat' dir='ltr'><strong>alias</strong></span> <span class='ocrx_word' id='word_1_121' title='bbox 1182 1667 1235 1712; x_wconf 90' lang='lat' dir='ltr'><strong>res</strong></span> <span class='ocrx_word' id='word_1_122' title='bbox 1264 1667 1386 1730; x_wconf 85' lang='lat' dir='ltr'><strong>easque</strong></span> 
     </span>
     <span class='ocr_line' id='line_1_16' title="bbox 198 1745 1386 1828; baseline -0.002 -13"><span class='ocrx_word' id='word_1_123' title='bbox 198 1747 279 1815; x_wconf 83' lang='lat' dir='ltr'><strong>satis</strong></span> <span class='ocrx_word' id='word_1_124' title='bbox 301 1746 423 1813; x_wconf 85' lang='lat' dir='ltr'><strong>alienas</strong></span> <span class='ocrx_word' id='word_1_125' title='bbox 445 1745 580 1826; x_wconf 78' lang='lat' dir='ltr'>addidit,</span> <span class='ocrx_word' id='word_1_126' title='bbox 602 1751 638 1812; x_wconf 86' lang='lat' dir='ltr'><strong>et</strong></span> <span class='ocrx_word' id='word_1_127' title='bbox 660 1745 803 1814; x_wconf 76' lang='lat' dir='ltr'><strong>tabulam</strong></span> <span class='ocrx_word' id='word_1_128' title='bbox 826 1748 866 1813; x_wconf 89' lang='lat' dir='ltr'><strong>de</strong></span> <span class='ocrx_word' id='word_1_129' title='bbox 888 1745 1128 1828; x_wconf 80' lang='lat' dir='ltr'><strong>Pkilesietaero,</strong></span> <span class='ocrx_word' id='word_1_130' title='bbox 1152 1749 1271 1815; x_wconf 83' lang='lat' dir='ltr'><strong>Arctoe</strong></span> <span class='ocrx_word' id='word_1_131' title='bbox 1296 1749 1386 1814; x_wconf 90' lang='lat' dir='ltr'><strong>adul·</strong></span> 
     </span>
     <span class='ocr_line' id='line_1_17' title="bbox 200 1848 1386 1935; baseline -0.001 -18"><span class='ocrx_word' id='word_1_132' title='bbox 200 1857 279 1930; x_wconf 88' lang='lat' dir='ltr'><strong>tero,</strong></span> <span class='ocrx_word' id='word_1_133' title='bbox 294 1869 381 1916; x_wconf 85' lang='lat' dir='ltr'><strong>¹oum</strong></span> <span class='ocrx_word' id='word_1_134' title='bbox 406 1848 480 1916; x_wconf 84' lang='lat' dir='ltr'><strong>eliis</strong></span> <span class='ocrx_word' id='word_1_135' title='bbox 509 1868 623 1934; x_wconf 85' lang='lat' dir='ltr'><strong>purum</strong></span> <span class='ocrx_word' id='word_1_136' title='bbox 645 1850 848 1916; x_wconf 86' lang='lat' dir='ltr'><strong>coniunctam</strong></span> <span class='ocrx_word' id='word_1_137' title='bbox 872 1849 931 1935; x_wconf 88' lang='lat' dir='ltr'><strong>(IX</strong></span> <span class='ocrx_word' id='word_1_138' title='bbox 951 1871 985 1934; x_wconf 87' lang='lat' dir='ltr'><strong>p.</strong></span> <span class='ocrx_word' id='word_1_139' title='bbox 1011 1853 1082 1915; x_wconf 74' lang='lat'><strong>624.</strong></span> <span class='ocrx_word' id='word_1_140' title='bbox 1107 1853 1191 1935; x_wconf 85' lang='lat' dir='ltr'><strong>sqq.)</strong></span> <span class='ocrx_word' id='word_1_141' title='bbox 1239 1888 1275 1900; x_wconf 89' lang='lat'><em>-</em></span> <span class='ocrx_word' id='word_1_142' title='bbox 1325 1852 1386 1932; x_wconf 85' lang='lat' dir='ltr'><strong>„At</strong></span> 
     </span>
     <span class='ocr_line' id='line_1_18' title="bbox 202 1951 1382 2040; baseline 0 -20"><span class='ocrx_word' id='word_1_143' title='bbox 202 1953 372 2030; x_wconf 84' lang='lat' dir='ltr'><strong>Lucienus,</strong></span> <span class='ocrx_word' id='word_1_144' title='bbox 389 1951 509 2018; x_wconf 75' lang='lat' dir='ltr'><strong>dixerit</strong></span> <span class='ocrx_word' id='word_1_145' title='bbox 523 1952 698 2036; x_wconf 80' lang='lat' dir='ltr'><strong>quispiam,</strong></span> <span class='ocrx_word' id='word_1_146' title='bbox 718 1951 813 2019; x_wconf 88' lang='lat' dir='ltr'><strong>ulmis</strong></span> <span class='ocrx_word' id='word_1_147' title='bbox 835 1952 977 2019; x_wconf 84' lang='lat' dir='ltr'><strong>breviter</strong></span> <span class='ocrx_word' id='word_1_148' title='bbox 997 1973 1067 2018; x_wconf 87' lang='lat' dir='ltr'><strong>rem</strong></span> <span class='ocrx_word' id='word_1_149' title='bbox 1089 1953 1239 2034; x_wconf 79' lang='lat' dir='ltr'><strong>absolvit3</strong></span> <span class='ocrx_word' id='word_1_150' title='bbox 1270 1953 1382 2040; x_wconf 82' lang='lat' dir='ltr'><strong>itaque</strong></span> 
     </span>
     <span class='ocr_line' id='line_1_19' title="bbox 204 2053 1385 2140; baseline 0 -18"><span class='ocrx_word' id='word_1_151' title='bbox 204 2056 306 2140; x_wconf 83' lang='lat' dir='ltr'><strong>magis</strong></span> <span class='ocrx_word' id='word_1_152' title='bbox 328 2054 407 2122; x_wconf 89' lang='lat' dir='ltr'><strong>mihi</strong></span> <span class='ocrx_word' id='word_1_153' title='bbox 428 2053 566 2140; x_wconf 86' lang='lat' dir='ltr'><strong>placent,</strong></span> <span class='ocrx_word' id='word_1_154' title='bbox 590 2075 673 2138; x_wconf 86' lang='lat' dir='ltr'><strong>quae</strong></span> <span class='ocrx_word' id='word_1_155' title='bbox 694 2056 828 2122; x_wconf 87' lang='lat' dir='ltr'><strong>aLuoio</strong></span> <span class='ocrx_word' id='word_1_156' title='bbox 843 2056 967 2140; x_wconf 85' lang='lat' dir='ltr'><strong>scripta</strong></span> <span class='ocrx_word' id='word_1_157' title='bbox 989 2075 1059 2122; x_wconf 88' lang='lat' dir='ltr'><strong>esse</strong></span> <span class='ocrx_word' id='word_1_158' title='bbox 1081 2056 1286 2125; x_wconf 59' lang='lat' dir='ltr'><strong>arbitrariae</strong></span> <span class='ocrx_word' id='word_1_159' title='bbox 1311 2059 1385 2124; x_wconf 86' lang='lat' dir='ltr'><strong>Bre-</strong></span> 
     </span>
     <span class='ocr_line' id='line_1_20' title="bbox 200 2151 1385 2251; baseline -0.002 -25"><span class='ocrx_word' id='word_1_160' title='bbox 200 2159 281 2226; x_wconf 80' lang='lat' dir='ltr'>viter</span> <span class='ocrx_word' id='word_1_161' title='bbox 310 2161 397 2225; x_wconf 85' lang='lat' dir='ltr'><strong>certe</strong></span> <span class='ocrx_word' id='word_1_162' title='bbox 422 2151 597 2251; x_wconf 78' lang='grc' dir='ltr'>Ιιαιιιιιιιι,</span> <span class='ocrx_word' id='word_1_163' title='bbox 637 2158 693 2224; x_wconf 86' lang='lat' dir='ltr'><strong>sed</strong></span> <span class='ocrx_word' id='word_1_164' title='bbox 720 2159 813 2225; x_wconf 89' lang='lat' dir='ltr'><strong>nimis</strong></span> <span class='ocrx_word' id='word_1_165' title='bbox 839 2159 980 2225; x_wconf 86' lang='lat' dir='ltr'><strong>breviter</strong></span> <span class='ocrx_word' id='word_1_166' title='bbox 1007 2179 1100 2244; x_wconf 81' lang='lat' dir='ltr'><strong>nego.</strong></span> <span class='ocrx_word' id='word_1_167' title='bbox 1158 2159 1242 2227; x_wconf 84' lang='lat' dir='ltr'><strong>Nam</strong></span> <span class='ocrx_word' id='word_1_168' title='bbox 1270 2161 1385 2228; x_wconf 87' lang='lat' dir='ltr'><strong>summi</strong></span> 
     </span>
     <span class='ocr_line' id='line_1_21' title="bbox 199 2260 1384 2346; baseline 0.002 -20"><span class='ocrx_word' id='word_1_169' title='bbox 199 2260 359 2339; x_wconf 84' lang='lat' dir='ltr'>momenti,</span> <span class='ocrx_word' id='word_1_170' title='bbox 382 2282 440 2326; x_wconf 88' lang='lat' dir='ltr'><strong>our</strong></span> <span class='ocrx_word' id='word_1_171' title='bbox 461 2261 596 2346; x_wconf 91' lang='lat' dir='ltr'><strong>primum</strong></span> <span class='ocrx_word' id='word_1_172' title='bbox 619 2261 658 2326; x_wconf 90' lang='lat' dir='ltr'><strong>de</strong></span> <span class='ocrx_word' id='word_1_173' title='bbox 680 2261 740 2328; x_wconf 87' lang='lat' dir='ltr'><strong>hac</strong></span> <span class='ocrx_word' id='word_1_174' title='bbox 764 2283 800 2328; x_wconf 88' lang='lat' dir='ltr'><strong>re</strong></span> <span class='ocrx_word' id='word_1_175' title='bbox 824 2262 999 2327; x_wconf 86' lang='lat' dir='ltr'><strong>Luciauum</strong></span> <span class='ocrx_word' id='word_1_176' title='bbox 1022 2261 1188 2346; x_wconf 81' lang='lat' dir='ltr'><strong>scripsisse</strong></span> <span class='ocrx_word' id='word_1_177' title='bbox 1211 2283 1384 2346; x_wconf 78' lang='lat' dir='ltr'><strong>censerem,</strong></span> 
     </span>
     <span class='ocr_line' id='line_1_22' title="bbox 201 2363 1385 2448; baseline 0.002 -19"><span class='ocrx_word' id='word_1_178' title='bbox 201 2384 328 2447; x_wconf 81' lang='lat' dir='ltr'><strong>semper</strong></span> <span class='ocrx_word' id='word_1_179' title='bbox 363 2363 440 2428; x_wconf 91' lang='lat' dir='ltr'><strong>mihi</strong></span> <span class='ocrx_word' id='word_1_180' title='bbox 473 2363 641 2430; x_wconf 87' lang='lat' dir='ltr'><strong>videbatur</strong></span> <span class='ocrx_word' id='word_1_181' title='bbox 675 2383 754 2442; x_wconf 87' lang='lat' dir='ltr'><strong>esse,</strong></span> <span class='ocrx_word' id='word_1_182' title='bbox 790 2363 875 2448; x_wconf 91' lang='lat' dir='ltr'><strong>quod</strong></span> <span class='ocrx_word' id='word_1_183' title='bbox 902 2363 941 2428; x_wconf 85' lang='lat' dir='ltr'><strong>iu</strong></span> <span class='ocrx_word' id='word_1_184' title='bbox 964 2367 1014 2430; x_wconf 90' lang='lat' dir='ltr'><strong>tot</strong></span> <span class='ocrx_word' id='word_1_185' title='bbox 1041 2363 1141 2429; x_wconf 84' lang='lat' dir='ltr'><strong>variis</strong></span> <span class='ocrx_word' id='word_1_186' title='bbox 1175 2363 1307 2430; x_wconf 87' lang='lat' dir='ltr'><strong>casibus</strong></span> <span class='ocrx_word' id='word_1_187' title='bbox 1339 2367 1385 2431; x_wconf 90' lang='lat' dir='ltr'><strong>ita</strong></span> 
     </span>
     <span class='ocr_line' id='line_1_23' title="bbox 202 2464 1385 2547; baseline -0.002 -13"><span class='ocrx_word' id='word_1_188' title='bbox 202 2472 358 2547; x_wconf 86' lang='lat' dir='ltr'><strong>versatur,</strong></span> <span class='ocrx_word' id='word_1_189' title='bbox 381 2471 418 2532; x_wconf 91' lang='lat' dir='ltr'><strong>ut</strong></span> <span class='ocrx_word' id='word_1_190' title='bbox 439 2485 504 2530; x_wconf 90' lang='lat' dir='ltr'><strong>nou</strong></span> <span class='ocrx_word' id='word_1_191' title='bbox 524 2464 573 2531; x_wconf 88' lang='lat' dir='ltr'><strong>bis</strong></span> <span class='ocrx_word' id='word_1_192' title='bbox 595 2465 729 2532; x_wconf 84' lang='lat' dir='ltr'><strong>eandem</strong></span> <span class='ocrx_word' id='word_1_193' title='bbox 752 2487 884 2534; x_wconf 87' lang='lat' dir='ltr'><strong>causam</strong></span> <span class='ocrx_word' id='word_1_194' title='bbox 906 2465 989 2534; x_wconf 85' lang='lat' dir='ltr'><strong>asini</strong></span> <span class='ocrx_word' id='word_1_195' title='bbox 1004 2465 1152 2532; x_wconf 80' lang='lat' dir='ltr'><strong>fortunae</strong></span> <span class='ocrx_word' id='word_1_196' title='bbox 1168 2474 1385 2534; x_wconf 81' lang='lat' dir='ltr'><strong>commutatae</strong></span> 
     </span>
     <span class='ocr_line' id='line_1_24' title="bbox 201 2570 1385 2661; baseline 0.001 -24"><span class='ocrx_word' id='word_1_197' title='bbox 201 2570 356 2656; x_wconf 83' lang='lat' dir='ltr'><strong>proferat.</strong></span> <span class='ocrx_word' id='word_1_198' title='bbox 409 2571 612 2661; x_wconf 78' lang='lat' dir='ltr'><strong>Quapropter</strong></span> <span class='ocrx_word' id='word_1_199' title='bbox 641 2589 713 2633; x_wconf 89' lang='lat' dir='ltr'><strong>cum</strong></span> <span class='ocrx_word' id='word_1_200' title='bbox 739 2570 804 2637; x_wconf 88' lang='lat' dir='ltr'><strong>iam</strong></span> <span class='ocrx_word' id='word_1_201' title='bbox 833 2576 930 2637; x_wconf 79' lang='grc' dir='ltr'>ιιιιιιι</span> <span class='ocrx_word' id='word_1_202' title='bbox 958 2570 1093 2636; x_wconf 88' lang='lat' dir='ltr'><strong>dominis</strong></span> <span class='ocrx_word' id='word_1_203' title='bbox 1115 2570 1251 2648; x_wconf 76' lang='lat' dir='ltr'><strong>mortuis</strong></span> <span class='ocrx_word' id='word_1_204' title='bbox 1274 2573 1385 2638; x_wconf 85' lang='lat' dir='ltr'><strong>asinus</strong></span> 
     </span>
     <span class='ocr_line' id='line_1_25' title="bbox 199 2670 1387 2758; baseline 0.002 -20"><span class='ocrx_word' id='word_1_205' title='bbox 199 2676 235 2740; x_wconf 88' lang='lat' dir='ltr'><strong>iu</strong></span> <span class='ocrx_word' id='word_1_206' title='bbox 264 2671 362 2740; x_wconf 85' lang='lat' dir='ltr'><strong>aliam</strong></span> <span class='ocrx_word' id='word_1_207' title='bbox 396 2672 479 2738; x_wconf 78' lang='lat' dir='ltr'><strong>vitae</strong></span> <span class='ocrx_word' id='word_1_208' title='bbox 510 2670 725 2737; x_wconf 73' lang='lat' dir='ltr'><strong>condicione·</strong></span> <span class='ocrx_word' id='word_1_209' title='bbox 741 2673 947 2753; x_wconf 84' lang='lat' dir='ltr'><strong>devenisset,</strong></span> <span class='ocrx_word' id='word_1_210' title='bbox 980 2674 1100 2758; x_wconf 88' lang='lat' dir='ltr'><strong>optime</strong></span> <span class='ocrx_word' id='word_1_211' title='bbox 1129 2677 1242 2739; x_wconf 85' lang='lat' dir='ltr'><strong>auctor</strong></span> <span class='ocrx_word' id='word_1_212' title='bbox 1269 2695 1387 2740; x_wconf 86' lang='lat' dir='ltr'><strong>novam</strong></span> 
     </span>
     <span class='ocr_line' id='line_1_26' title="bbox 203 2773 1387 2862; baseline -0.001 -18"><span class='ocrx_word' id='word_1_213' title='bbox 203 2796 333 2844; x_wconf 81' lang='lat' dir='ltr'><strong>oausam</strong></span> <span class='ocrx_word' id='word_1_214' title='bbox 355 2775 556 2859; x_wconf 81' lang='lat' dir='ltr'><strong>excogitavit.</strong></span> <span class='ocrx_word' id='word_1_215' title='bbox 592 2773 673 2838; x_wconf 86' lang='lat' dir='ltr'><strong>Tum</strong></span> <span class='ocrx_word' id='word_1_216' title='bbox 702 2794 779 2840; x_wconf 84' lang='lat' dir='ltr'><strong>vcro</strong></span> <span class='ocrx_word' id='word_1_217' title='bbox 801 2776 919 2842; x_wconf 88' lang='lat' dir='ltr'><strong>Lucius</strong></span> <span class='ocrx_word' id='word_1_218' title='bbox 941 2781 975 2842; x_wconf 97' lang='grc' dir='ltr'><strong>ιι</strong></span> <span class='ocrx_word' id='word_1_219' title='bbox 996 2775 1183 2861; x_wconf 73' lang='lat' dir='ltr'><strong>Appuleius,</strong></span> <span class='ocrx_word' id='word_1_220' title='bbox 1205 2795 1258 2843; x_wconf 84' lang='lat' dir='ltr'><strong>res</strong></span> <span class='ocrx_word' id='word_1_221' title='bbox 1281 2778 1387 2862; x_wconf 85' lang='lat' dir='ltr'><strong>magis</strong></span> 
     </span>
     <span class='ocr_line' id='line_1_27' title="bbox 201 2877 1387 2965; baseline 0 -20"><span class='ocrx_word' id='word_1_222' title='bbox 201 2877 403 2965; x_wconf 83' lang='lat' dir='ltr'><strong>prodigiosas</strong></span> <span class='ocrx_word' id='word_1_223' title='bbox 432 2877 561 2957; x_wconf 88' lang='lat' dir='ltr'><strong>sectati,</strong></span> <span class='ocrx_word' id='word_1_224' title='bbox 590 2877 705 2941; x_wconf 84' lang='lat' dir='ltr'><strong>iterum</strong></span> <span class='ocrx_word' id='word_1_225' title='bbox 734 2877 816 2944; x_wconf 88' lang='lat' dir='ltr'><strong>mira</strong></span> <span class='ocrx_word' id='word_1_226' title='bbox 843 2879 964 2946; x_wconf 86' lang='lat' dir='ltr'><strong>domiui</strong></span> <span class='ocrx_word' id='word_1_227' title='bbox 986 2885 1106 2959; x_wconf 88' lang='lat' dir='ltr'><strong>morte,</strong></span> <span class='ocrx_word' id='word_1_228' title='bbox 1137 2882 1188 2965; x_wconf 88' lang='lat' dir='ltr'><strong>(ut</strong></span> <span class='ocrx_word' id='word_1_229' title='bbox 1209 2883 1307 2946; x_wconf 79' lang='lat' dir='ltr'><strong>antea</strong></span> <span class='ocrx_word' id='word_1_230' title='bbox 1330 2880 1387 2945; x_wconf 91' lang='lat' dir='ltr'><strong>lib.</strong></span> 
     </span>
     <span class='ocr_line' id='line_1_28' title="bbox 205 2979 1385 3063; baseline -0.002 -15"><span class='ocrx_word' id='word_1_231' title='bbox 205 2982 295 3062; x_wconf 89' lang='lat' dir='ltr'>VIII,</span> <span class='ocrx_word' id='word_1_232' title='bbox 318 2980 400 3063; x_wconf 88' lang='lat' dir='ltr'><strong>init.)</strong></span> <span class='ocrx_word' id='word_1_233' title='bbox 416 2979 537 3045; x_wconf 86' lang='lat' dir='ltr'><strong>factum</strong></span> <span class='ocrx_word' id='word_1_234' title='bbox 560 2999 631 3045; x_wconf 85' lang='lat' dir='ltr'><strong>esse</strong></span> <span class='ocrx_word' id='word_1_235' title='bbox 654 2980 793 3061; x_wconf 75' lang='lat' dir='ltr'><strong>omum,</strong></span> <span class='ocrx_word' id='word_1_236' title='bbox 817 2985 853 3048; x_wconf 89' lang='lat' dir='ltr'><strong>ut</strong></span> <span class='ocrx_word' id='word_1_237' title='bbox 875 2983 984 3048; x_wconf 85' lang='lat' dir='ltr'><strong>asinus</strong></span> <span class='ocrx_word' id='word_1_238' title='bbox 1005 2983 1038 3048; x_wconf 91' lang='lat' dir='ltr'><strong>iu</strong></span> <span class='ocrx_word' id='word_1_239' title='bbox 1062 2983 1199 3050; x_wconf 87' lang='lat' dir='ltr'><strong>aliorum</strong></span> <span class='ocrx_word' id='word_1_240' title='bbox 1220 2980 1385 3048; x_wconf 84' lang='lat' dir='ltr'><strong>hominum</strong></span> 
     </span>
     <span class='ocr_line' id='line_1_29' title="bbox 201 3081 1385 3170; baseline -0.002 -20"><span class='ocrx_word' id='word_1_241' title='bbox 201 3087 396 3170; x_wconf 85' lang='lat' dir='ltr'><strong>potestatem</strong></span> <span class='ocrx_word' id='word_1_242' title='bbox 418 3081 549 3147; x_wconf 85' lang='lat' dir='ltr'><strong>veniret.</strong></span> <span class='ocrx_word' id='word_1_243' title='bbox 595 3082 715 3161; x_wconf 78' lang='lat' dir='ltr'>Quodsi</span> <span class='ocrx_word' id='word_1_244' title='bbox 729 3091 778 3148; x_wconf 84' lang='grc' dir='ltr'><strong>ιιι</strong></span> <span class='ocrx_word' id='word_1_245' title='bbox 800 3085 849 3150; x_wconf 88' lang='lat' dir='ltr'><strong>his</strong></span> <span class='ocrx_word' id='word_1_246' title='bbox 867 3085 1020 3169; x_wconf 72' lang='lat' dir='ltr'><strong>exemplis</strong></span> <span class='ocrx_word' id='word_1_247' title='bbox 1039 3091 1185 3169; x_wconf 83' lang='lat' dir='ltr'><strong>apparet,</strong></span> <span class='ocrx_word' id='word_1_248' title='bbox 1209 3083 1385 3151; x_wconf 84' lang='lat' dir='ltr'><strong>Luciauum</strong></span> 
     </span>
     <span class='ocr_line' id='line_1_30' title="bbox 202 3184 1387 3271; baseline 0 -19"><span class='ocrx_word' id='word_1_249' title='bbox 202 3207 266 3254; x_wconf 90' lang='lat' dir='ltr'><strong>non</strong></span> <span class='ocrx_word' id='word_1_250' title='bbox 289 3186 391 3252; x_wconf 82' lang='lat' dir='ltr'><strong>fuisse</strong></span> <span class='ocrx_word' id='word_1_251' title='bbox 414 3184 502 3250; x_wconf 89' lang='lat' dir='ltr'><strong>Lucii</strong></span> <span class='ocrx_word' id='word_1_252' title='bbox 527 3185 780 3268; x_wconf 81' lang='lat' dir='ltr'><strong>epitomatorem,</strong></span> <span class='ocrx_word' id='word_1_253' title='bbox 803 3185 881 3254; x_wconf 88' lang='lat' dir='ltr'><strong>nihil</strong></span> <span class='ocrx_word' id='word_1_254' title='bbox 905 3195 1042 3268; x_wconf 76' lang='lat' dir='ltr'><strong>ostoun</strong></span> <span class='ocrx_word' id='word_1_255' title='bbox 1071 3207 1256 3271; x_wconf 86' lang='lat' dir='ltr'><strong>perversam</strong></span> <span class='ocrx_word' id='word_1_256' title='bbox 1278 3185 1387 3252; x_wconf 82' lang='lat' dir='ltr'><strong>Photii</strong></span> 
     </span>
     <span class='ocr_line' id='line_1_31' title="bbox 203 3287 1387 3374; baseline -0.003 -18"><span class='ocrx_word' id='word_1_257' title='bbox 203 3289 400 3372; x_wconf 88' lang='lat' dir='ltr'><strong>aliorumque</strong></span> <span class='ocrx_word' id='word_1_258' title='bbox 446 3287 639 3352; x_wconf 86' lang='lat' dir='ltr'><strong>sententiam</strong></span> <span class='ocrx_word' id='word_1_259' title='bbox 682 3291 861 3370; x_wconf 83' lang='lat' dir='ltr'><strong>teneamus,</strong></span> <span class='ocrx_word' id='word_1_260' title='bbox 916 3291 1106 3374; x_wconf 89' lang='lat' dir='ltr'><strong>praesertim</strong></span> <span class='ocrx_word' id='word_1_261' title='bbox 1147 3305 1217 3353; x_wconf 91' lang='lat' dir='ltr'><strong>cum</strong></span> <span class='ocrx_word' id='word_1_262' title='bbox 1253 3287 1387 3354; x_wconf 87' lang='lat' dir='ltr'><strong>Luciani</strong></span> 
     </span>
     <span class='ocr_line' id='line_1_32' title="bbox 203 3388 1388 3478; baseline -0.003 -18"><span class='ocrx_word' id='word_1_263' title='bbox 203 3395 356 3478; x_wconf 86' lang='lat' dir='ltr'><strong>scriptum</strong></span> <span class='ocrx_word' id='word_1_264' title='bbox 378 3389 501 3457; x_wconf 89' lang='lat' dir='ltr'><strong>libriin</strong></span> <span class='ocrx_word' id='word_1_265' title='bbox 522 3393 694 3476; x_wconf 83' lang='lat' dir='ltr'><strong>augustum</strong></span> <span class='ocrx_word' id='word_1_266' title='bbox 716 3393 820 3459; x_wconf 85' lang='lat' dir='ltr'><strong>coacti</strong></span> <span class='ocrx_word' id='word_1_267' title='bbox 839 3395 980 3478; x_wconf 86' lang='lat' dir='ltr'><strong>speciem</strong></span> <span class='ocrx_word' id='word_1_268' title='bbox 1002 3414 1064 3458; x_wconf 92' lang='lat' dir='ltr'><strong>nou</strong></span> <span class='ocrx_word' id='word_1_269' title='bbox 1078 3389 1241 3475; x_wconf 84' lang='lat' dir='ltr'><strong>praebeat.</strong></span> <span class='ocrx_word' id='word_1_270' title='bbox 1287 3388 1388 3456; x_wconf 87' lang='lat' dir='ltr'><strong>Pauci</strong></span> 
     </span>
     <span class='ocr_line' id='line_1_33' title="bbox 203 3490 1388 3581; baseline -0.004 -18"><span class='ocrx_word' id='word_1_271' title='bbox 203 3499 288 3563; x_wconf 91' lang='lat' dir='ltr'><strong>euim</strong></span> <span class='ocrx_word' id='word_1_272' title='bbox 310 3493 383 3574; x_wconf 90' lang='lat' dir='ltr'><strong>loci,</strong></span> <span class='ocrx_word' id='word_1_273' title='bbox 406 3493 461 3577; x_wconf 92' lang='lat' dir='ltr'><strong>qui</strong></span> <span class='ocrx_word' id='word_1_274' title='bbox 483 3514 553 3558; x_wconf 90' lang='lat' dir='ltr'><strong>eam</strong></span> <span class='ocrx_word' id='word_1_275' title='bbox 576 3495 789 3578; x_wconf 88' lang='lat' dir='ltr'><strong>suspicionem</strong></span> <span class='ocrx_word' id='word_1_276' title='bbox 811 3517 938 3562; x_wconf 89' lang='lat' dir='ltr'><strong>movere</strong></span> <span class='ocrx_word' id='word_1_277' title='bbox 958 3495 1092 3581; x_wconf 87' lang='lat' dir='ltr'><strong>possint,</strong></span> <span class='ocrx_word' id='word_1_278' title='bbox 1068 3491 1206 3560; x_wconf 77' lang='lat' dir='ltr'><strong>tiacile</strong></span> <span class='ocrx_word' id='word_1_279' title='bbox 1221 3490 1275 3558; x_wconf 86' lang='lat' dir='ltr'><strong>itu</strong></span> <span class='ocrx_word' id='word_1_280' title='bbox 1287 3493 1388 3578; x_wconf 86' lang='lat' dir='ltr'><strong>expli</strong></span> 
     </span>
     <span class='ocr_line' id='line_1_34' title="bbox 204 3595 963 3680; baseline -0.004 -13"><span class='ocrx_word' id='word_1_281' title='bbox 204 3606 329 3679; x_wconf 84' lang='lat' dir='ltr'><strong>cantur,</strong></span> <span class='ocrx_word' id='word_1_282' title='bbox 352 3603 388 3663; x_wconf 91' lang='lat' dir='ltr'><strong>ut</strong></span> <span class='ocrx_word' id='word_1_283' title='bbox 411 3595 550 3680; x_wconf 89' lang='lat' dir='ltr'><strong>opinioni</strong></span> <span class='ocrx_word' id='word_1_284' title='bbox 574 3603 647 3662; x_wconf 90' lang='lat' dir='ltr'><strong>nost</strong></span> <span class='ocrx_word' id='word_1_285' title='bbox 648 3619 704 3664; x_wconf 89' lang='lat' dir='ltr'><strong>rae</strong></span> <span class='ocrx_word' id='word_1_286' title='bbox 727 3618 790 3665; x_wconf 90' lang='lat' dir='ltr'><strong>oon</strong></span> <span class='ocrx_word' id='word_1_287' title='bbox 813 3599 963 3666; x_wconf 82' lang='lat' dir='ltr'><strong>officiant.</strong></span> 
     </span>
    </p>

    <p class='ocr_par' dir='ltr' id='par_1_5' title="bbox 201 3695 1389 4416">
     <span class='ocr_line' id='line_1_35' title="bbox 289 3695 1388 3787; baseline -0.001 -21"><span class='ocrx_word' id='word_1_288' title='bbox 289 3703 336 3766; x_wconf 81' lang='lat' dir='ltr'><strong>Ao</strong></span> <span class='ocrx_word' id='word_1_289' title='bbox 357 3698 492 3784; x_wconf 88' lang='lat' dir='ltr'><strong>primum</strong></span> <span class='ocrx_word' id='word_1_290' title='bbox 517 3698 646 3782; x_wconf 89' lang='lat' dir='ltr'><strong>quidem</strong></span> <span class='ocrx_word' id='word_1_291' title='bbox 668 3700 754 3767; x_wconf 89' lang='lat' dir='ltr'><strong>haud</strong></span> <span class='ocrx_word' id='word_1_292' title='bbox 777 3703 843 3768; x_wconf 84' lang='lat' dir='ltr'><strong>ecio</strong></span> <span class='ocrx_word' id='word_1_293' title='bbox 859 3725 900 3772; x_wconf 90' lang='lat' dir='ltr'><strong>an</strong></span> <span class='ocrx_word' id='word_1_294' title='bbox 916 3703 1032 3768; x_wconf 87' lang='lat' dir='ltr'><strong>mirum</strong></span> <span class='ocrx_word' id='word_1_295' title='bbox 1046 3700 1098 3781; x_wconf 89' lang='lat' dir='ltr'><strong>sit,</strong></span> <span class='ocrx_word' id='word_1_296' title='bbox 1121 3700 1204 3787; x_wconf 91' lang='lat' dir='ltr'>quod</span> <span class='ocrx_word' id='word_1_297' title='bbox 1221 3695 1388 3765; x_wconf 85' lang='lat' dir='ltr'><strong>Luciacus</strong></span> 
     </span>
     <span class='ocr_line' id='line_1_36' title="bbox 203 3795 1389 3891; baseline 0 -21"><span class='ocrx_word' id='word_1_298' title='bbox 203 3804 347 3889; x_wconf 87' lang='lat' dir='ltr'><strong>quamvis</strong></span> <span class='ocrx_word' id='word_1_299' title='bbox 380 3822 443 3868; x_wconf 89' lang='lat' dir='ltr'><strong>non</strong></span> <span class='ocrx_word' id='word_1_300' title='bbox 480 3800 579 3866; x_wconf 90' lang='lat' dir='ltr'><strong>semel</strong></span> <span class='ocrx_word' id='word_1_301' title='bbox 611 3801 829 3888; x_wconf 84' lang='lat' dir='ltr'><strong>Hipparchum</strong></span> <span class='ocrx_word' id='word_1_302' title='bbox 877 3825 1007 3873; x_wconf 88' lang='lat' dir='ltr'><strong>avarum</strong></span> <span class='ocrx_word' id='word_1_303' title='bbox 1043 3804 1132 3872; x_wconf 87' lang='lat' dir='ltr'><strong>dicat</strong></span> <span class='ocrx_word' id='word_1_304' title='bbox 1167 3795 1389 3891; x_wconf 75' lang='grc' dir='ltr'>(φιλάργυρος</span> 
     </span>
     <span class='ocr_line' id='line_1_37' title="bbox 204 3901 1384 3994; baseline -0.003 -20"><span class='ocrx_word' id='word_1_305' title='bbox 204 3929 273 3992; x_wconf 88' lang='lat' dir='ltr'><strong>cap.</strong></span> <span class='ocrx_word' id='word_1_306' title='bbox 301 3914 334 3984; x_wconf 85' lang='lat'><strong>13</strong></span> <span class='ocrx_word' id='word_1_307' title='bbox 355 3907 422 3990; x_wconf 72' lang='grc' dir='ltr'>ις),</span> <span class='ocrx_word' id='word_1_308' title='bbox 445 3927 602 3990; x_wconf 86' lang='lat' dir='ltr'><strong>nusquam</strong></span> <span class='ocrx_word' id='word_1_309' title='bbox 625 3907 691 3972; x_wconf 91' lang='lat' dir='ltr'><strong>eius</strong></span> <span class='ocrx_word' id='word_1_310' title='bbox 715 3909 818 3976; x_wconf 80' lang='lat' dir='ltr'><strong>averit</strong></span> <span class='ocrx_word' id='word_1_311' title='bbox 818 3909 882 3976; x_wconf 81' lang='lat' dir='ltr'><strong>ia&#39;m</strong></span> <span class='ocrx_word' id='word_1_312' title='bbox 905 3909 1086 3994; x_wconf 80' lang='lat' dir='ltr'><strong>accuratius</strong></span> <span class='ocrx_word' id='word_1_313' title='bbox 1108 3906 1200 3974; x_wconf 92' lang='lat' dir='ltr'><strong>nobis</strong></span> <span class='ocrx_word' id='word_1_314' title='bbox 1220 3901 1384 3987; x_wconf 78' lang='lat' dir='ltr'><strong>depingat.</strong></span> 
     </span>
     <span class='ocr_line' id='line_1_38' title="bbox 204 4009 1387 4098; baseline -0.005 -22"><span class='ocrx_word' id='word_1_315' title='bbox 204 4011 322 4077; x_wconf 88' lang='lat' dir='ltr'><strong>Verum</strong></span> <span class='ocrx_word' id='word_1_316' title='bbox 349 4015 457 4076; x_wconf 81' lang='lat' dir='ltr'><strong>tamen</strong></span> <span class='ocrx_word' id='word_1_317' title='bbox 478 4009 614 4076; x_wconf 73' lang='lat' dir='ltr'><strong>Luoiu‘m‘</strong></span> <span class='ocrx_word' id='word_1_318' title='bbox 640 4017 697 4077; x_wconf 87' lang='lat' dir='ltr'><strong>aut</strong></span> <span class='ocrx_word' id='word_1_319' title='bbox 719 4013 912 4098; x_wconf 86' lang='lat' dir='ltr'><strong>Appuleium</strong></span> <span class='ocrx_word' id='word_1_320' title='bbox 931 4011 1066 4079; x_wconf 88' lang='lat' dir='ltr'><strong>Luciani</strong></span> <span class='ocrx_word' id='word_1_321' title='bbox 1098 4009 1254 4076; x_wconf 86' lang='lat' dir='ltr'><strong>brevitate</strong></span> <span class='ocrx_word' id='word_1_322' title='bbox 1275 4027 1387 4090; x_wconf 86' lang='lat' dir='ltr'><strong>parum</strong></span> 
     </span>
     <span class='ocr_line' id='line_1_39' title="bbox 203 4107 1387 4200; baseline -0.004 -21"><span class='ocrx_word' id='word_1_323' title='bbox 203 4113 364 4179; x_wconf 82' lang='lat' dir='ltr'><strong>intellectu</strong></span> <span class='ocrx_word' id='word_1_324' title='bbox 400 4112 530 4178; x_wconf 85' lang='lat' dir='ltr'><strong>uberius</strong></span> <span class='ocrx_word' id='word_1_325' title='bbox 563 4112 605 4176; x_wconf 90' lang='lat' dir='ltr'><strong>de</strong></span> <span class='ocrx_word' id='word_1_326' title='bbox 642 4113 773 4181; x_wconf 90' lang='lat' dir='ltr'><strong>sordido</strong></span> <span class='ocrx_word' id='word_1_327' title='bbox 807 4115 992 4200; x_wconf 84' lang='lat' dir='ltr'><strong>Hipparcho</strong></span> <span class='ocrx_word' id='word_1_328' title='bbox 1025 4113 1167 4196; x_wconf 81' lang='lat' dir='ltr'><strong>(Milone)</strong></span> <span class='ocrx_word' id='word_1_329' title='bbox 1197 4107 1387 4178; x_wconf 80' lang='lat' dir='ltr'><strong>disseruisse</strong></span> 
     </span>
     <span class='ocr_line' id='line_1_40' title="bbox 205 4201 1387 4304; baseline -0.006 -22"><span class='ocrx_word' id='word_1_330' title='bbox 205 4217 361 4282; x_wconf 83' lang='lat' dir='ltr'><strong>existimo.</strong></span> <span class='ocrx_word' id='word_1_331' title='bbox 405 4217 487 4282; x_wconf 86' lang='lat' dir='ltr'><strong>Nam</strong></span> <span class='ocrx_word' id='word_1_332' title='bbox 511 4238 593 4302; x_wconf 85' lang='lat' dir='ltr'><strong>quae</strong></span> <span class='ocrx_word' id='word_1_333' title='bbox 616 4217 804 4284; x_wconf 72' lang='lat' dir='ltr'><strong>inhumani</strong></span> <span class='ocrx_word' id='word_1_334' title='bbox 839 4241 906 4304; x_wconf 89' lang='lat' dir='ltr'><strong>cap.</strong></span> <span class='ocrx_word' id='word_1_335' title='bbox 938 4225 963 4284; x_wconf 91' lang='lat'><strong>1.</strong></span> <span class='ocrx_word' id='word_1_336' title='bbox 989 4215 1165 4284; x_wconf 84' lang='lat' dir='ltr'><strong>invenimus</strong></span> <span class='ocrx_word' id='word_1_337' title='bbox 1195 4208 1264 4302; x_wconf 78' lang='lat' dir='ltr'><strong>(dno</strong></span> <span class='ocrx_word' id='word_1_338' title='bbox 1287 4201 1387 4300; x_wconf 77' lang='grc' dir='ltr'>ἀργύ-</span> 
     </span>
     <span class='ocr_line' id='line_1_41' title="bbox 201 4308 1387 4416; baseline -0.002 -30"><span class='ocrx_word' id='word_1_339' title='bbox 201 4339 279 4408; x_wconf 75' lang='lat' dir='ltr'><strong>peon</strong></span> <span class='ocrx_word' id='word_1_340' title='bbox 301 4313 501 4403; x_wconf 67' lang='lat' dir='ltr'><strong>inundo-atvar</strong></span> <span class='ocrx_word' id='word_1_341' title='bbox 523 4316 580 4388; x_wconf 76' lang='grc' dir='ltr'><strong>καὶ</strong></span> <span class='ocrx_word' id='word_1_342' title='bbox 602 4315 654 4388; x_wconf 80' lang='grc' dir='ltr'><strong>ὅτι</strong></span> <span class='ocrx_word' id='word_1_343' title='bbox 674 4315 757 4406; x_wconf 75' lang='grc' dir='ltr'><strong><em>μίαν</em></strong></span> <span class='ocrx_word' id='word_1_344' title='bbox 778 4319 993 4416; x_wconf 72' lang='grc' dir='ltr'>θεράπαιναν</span> <span class='ocrx_word' id='word_1_345' title='bbox 1013 4317 1131 4416; x_wconf 80' lang='grc' dir='ltr'>τρέφει</span> <span class='ocrx_word' id='word_1_346' title='bbox 1152 4315 1207 4386; x_wconf 82' lang='grc' dir='ltr'><strong>καὶ</strong></span> <span class='ocrx_word' id='word_1_347' title='bbox 1234 4311 1293 4406; x_wconf 65' lang='grc' dir='ltr'><strong>τὴν</strong></span> <span class='ocrx_word' id='word_1_348' title='bbox 1313 4308 1387 4384; x_wconf 76' lang='lat' dir='ltr'><strong>tuv-</strong></span> 
     </span>
    </p>
   </div>
   <div class='ocr_carea' id='block_1_4' title="bbox 0 0 1444 4698">
    <p class='ocr_par' dir='ltr' id='par_1_6' title="bbox 0 0 1444 4698">
     <span class='ocr_line' id='line_1_42' title="bbox 0 0 1444 4698; baseline 0 0"><span class='ocrx_word' id='word_1_349' title='bbox 0 0 1444 4698; x_wconf 95' lang='lat' dir='ltr'><strong> </strong></span> 
     </span>
    </p>
   </div>
  </div>
 </body>
</html>
