2878 4698
666 115 881 178 ...26-

182 288 222 328 '-·-
251 277 342 346 chius
372 282 422 350 rei
450 281 543 348 testis
571 284 623 347 est
650 279 784 369 Photius
810 319 852 336 -
880 305 904 350 a
927 284 1070 354 Luciam
1099 283 1364 370 deprompsisset,

181 383 336 468 inscripto
376 383 505 450 nomine
542 404 617 452 suos
652 384 753 468 ipsius
788 407 861 452 esse
890 393 1024 454 conatus
1053 390 1138 454 esset
1167 385 1364 470 significare,

181 485 330 552 houden
356 508 396 554 ao
422 485 543 552 furtum
570 488 604 552 in
631 487 772 570 priorem
802 495 970 556 auctorem
992 489 1211 556 commisisset.
1255 487 1366 566 Quam

181 588 445 674 vituperationem
470 593 508 654 ut
535 587 703 674 effligeret,
734 593 1033 676 metamorphoseon
1061 590 1161 658 libros
1194 596 1366 676 amquam

181 693 251 760 siue
271 697 403 760 auctora
425 693 459 762 in
479 690 591 776 volgus
613 691 721 758 edidit.

266 795 386 862 Verum
412 795 493 861 haec
519 793 620 860 omnis
649 797 753 862 oratio
781 796 950 881 spectabat
976 797 1022 864 ad
1046 797 1228 880 opinionem
1249 815 1366 862 eorum

181 896 397 976 refellendam,
417 898 473 980 qui
494 895 648 974 libellum,
668 902 723 984 qui
743 900 928 966 inscribitur
950 899 1069 968 Lucius
1089 900 1155 966 sire
1177 897 1296 976 asinus,
1322 918 1366 964 ex

181 999 273 1066 Lucii
294 1000 459 1066 Patrensis
481 1001 782 1086 metamorphoseon
803 1003 892 1070 libris
913 1005 1066 1087 originem
1090 1001 1219 1068 duxisse
1242 1001 1316 1078 rati,
1342 1019 1367 1064 a

181 1102 325 1172 Lucieno
362 1101 639 1180 abiudicarerunt,
670 1125 744 1170 cum
775 1111 938 1174 auctorem
970 1107 1062 1176 illum
1087 1103 1367 1188 elegantissimum

137 1267 139 1276 ,
180 1227 323 1292 nuquam
344 1205 482 1273 aliorum
502 1207 623 1274 scrinia
644 1207 833 1292 compilasse
849 1213 908 1274 aut
921 1210 1044 1296 scripta
1057 1209 1251 1293 epitomasse
1263 1227 1366 1292 nega·

180 1315 264 1376 rent.
314 1311 358 1376 Et
382 1309 536 1395 quoniam
559 1310 640 1376 entis
666 1311 845 1378 ostendisse
866 1311 945 1377 mihi
967 1313 1086 1393 uideor,
1109 1312 1194 1378 hunc
1210 1307 1366 1406 ,libellum

179 1419 217 1480 at
247 1417 323 1480 aute
353 1411 444 1478 Lucii
471 1416 503 1478 et
522 1413 672 1498 Appuleii
699 1419 839 1481 aetatem
853 1411 1012 1482 ”extitisse
1041 1419 1075 1481 et
1097 1413 1209 1480 abhis
1231 1416 1366 1480 auctum

182 1522 433 1599 aromatumque
456 1536 537 1595 esse,
558 1515 639 1582 nihil
657 1520 717 1597 est,
740 1522 798 1584 cur
819 1517 939 1586 iustam
957 1517 1024 1584 iilis
1045 1539 1118 1584 esse
1141 1537 1273 1586 causam
1287 1536 1365 1584 cou-

41 1630 56 1638 ‘
180 1619 339 1686 hteamur.
383 1617 473 1684 Nunc
495 1622 602 1684 autem
621 1618 665 1684 ad
683 1619 820 1686 alteram
834 1621 1060 1706 disputationis
1075 1625 1202 1705 partem
1216 1620 1363 1689 vonimus

35 1743 41 1751 ·
179 1728 216 1788 et
228 1721 543 1807 conquaestionem,
564 1743 607 1788 an
629 1743 669 1788 es
691 1723 764 1808 ipsa
784 1723 904 1805 fabula,
927 1723 1032 1808 qualis
1054 1723 1200 1790 codicum
1221 1721 1365 1790 auetori-
1427 1753 1428 1796 r

17 1885 23 1922 ι
180 1829 250 1894 tete
276 1825 368 1892 nohis
395 1822 520 1892 tradita
549 1829 616 1903 est,¹
639 1826 829 1894 concludere
858 1829 1032 1913 possimus,
1062 1829 1171 1892 utrum
1199 1825 1364 1892 Luciacus

19 1893 43 2052 i}
162 1928 552 2026 QWQAEihlij‘aa
568 1927 617 1994 hc
640 1930 779 2012 primum
806 1929 933 2016 quidem
958 1929 1071 2014 paneis
1093 1947 1268 2012 exponam,
1296 1949 1363 2010 quo
1427 1947 1428 2028 t

184 2037 327 2116 tempore
349 2029 525 2111 Lucienus,
554 2031 582 2096 si
609 2038 699 2098 recte
725 2038 838 2100 auctor
860 2033 985 2114 dicitur,
1007 2032 1093 2100 hunc
1113 2029 1258 2098 libellum
1276 2050 1364 2098 cnm·
1427 2077 1428 2080 =

182 2131 327 2218 posuisse
348 2131 509 2217 putandos
531 2133 583 2214 sit,
606 2133 721 2200 deinde
744 2135 848 2203 dicam
870 2136 911 2202 de
928 2137 1038 2202 iocosa
1051 2156 1093 2202 ac
1106 2134 1193 2202 enisa
1206 2133 1364 2202 narrandi

181 2236 306 2302 ratione
328 2255 348 2300 a
369 2234 503 2303 Luciani
525 2257 615 2302 more
638 2257 702 2303 nou
723 2237 839 2318 aliena,
872 2243 941 2302 tum
964 2238 1004 2304 de
1026 2237 1124 2304 rebus
1144 2236 1364 2321 grammaticis

182 2342 216 2404 et
240 2337 400 2404 orationis
425 2336 682 2418 difficultatibus,
714 2360 798 2424 quae
826 2345 1006 2408 memoratu
1034 2339 1149 2425 dignae
1177 2358 1247 2404 esse
1275 2338 1364 2406 vide-

181 2446 288 2508 antur.
390 2465 392 2470 ’

272 2542 314 2610 Ut
342 2545 441 2629 igitur
471 2543 643 2628 adgrediar
665 2545 707 2612 ad
728 2551 853 2630 tempus
877 2545 1101 2626 definiendum,
1123 2566 1186 2630 quo
1208 2545 1365 2626 seriptum

180 2643 258 2712 iilud
280 2667 301 2713 a
322 2647 463 2714 Lucieno
487 2648 698 2730 compositum
726 2650 779 2729 sit,
808 2647 1034 2714 revertendum
1059 2647 1138 2714 mihi
1166 2647 1290 2712 videtur
1321 2645 1365 2713 ad

184 2747 330 2818 Teuffelii
362 2751 563 2851 sententiam,
600 2750 642 2815 de
675 2773 739 2835 qua
769 2753 835 2818 iam
861 2769 958 2834 supra
986 2752 1034 2832 (p.
1059 2752 1123 2830 23.)
1139 2767 1257 2831 pauca
1285 2748 1364 2814 dixi.

181 2852 215 2916 Is
240 2853 325 2919 enirn
354 2855 402 2920 vir
424 2854 624 2922 doctissimus
646 2855 836 2939 Appuleium
857 2875 899 2920 ex
919 2854 990 2937 ipso
1013 2850 1161 2931 huciaui,
1193 2871 1297 2932 neque
1322 2873 1366 2918 cx
1428 2867 1429 2944 p

182 2954 273 3040 Lucii
294 2953 376 3024 libro
398 2957 528 3024 fabulae
553 2963 777 3042 argumentum
798 2957 930 3041 petiisse
954 2956 1086 3030 censuit,
1108 2960 1289 3038 temporum
1312 2974 1364 3018 or·

182 3057 255 3124 dine
281 3079 341 3126 uos
375 3060 540 3144 prohiberi
571 3060 759 3138 arbitratus,
793 3061 962 3144 quominus
986 3059 1028 3124 ab
1054 3063 1186 3122 auctore
1214 3056 1364 3122 Patrensi

181 3167 256 3247 post
283 3161 540 3236 samosatensem
568 3169 602 3230 et
622 3167 697 3228 ante
719 3162 980 3238 Madaurensem,
1019 3161 1104 3226 siros
1128 3165 1235 3226 aetate
1264 3179 1365 3242 prope

186 3265 349 3349 aequales,
376 3266 457 3332 haec
485 3264 596 3332 fabula
622 3270 823 3332 tractaretm.
878 3263 951 3343 Qua
977 3266 1011 3330 in
1037 3283 1074 3328 re
1096 3261 1271 3328 tenendum
1303 3267 1364 3342 est,

182 3369 371 3454 Appuleium
393 3369 535 3436 omnium
556 3367 626 3434 fere
650 3387 808 3434 cousemu
833 3365 933 3433 libros
958 3364 1262 3449 metamorphoseon
1286 3365 1366 3430 scri·

180 3473 284 3558 psisse
305 3472 428 3557 putari,
458 3491 529 3538 cum
552 3472 632 3538 artis
654 3473 797 3556 magicae
824 3474 900 3538 ante
929 3471 1053 3554 aliquot
1074 3489 1175 3559 anuos
1198 3467 1365 3534 absolutus

181 3581 291 3644 waetate
313 3577 377 3642 iam
402 3568 696 3660 esset'provectior.
710 3576 737 3659 ¹)
787 3574 851 3641 Sed
874 3575 1023 3658 quoniam
1045 3592 1146 3664 supra
1167 3571 1365 3636 domonstra-

183 3680 295 3760 vimus,
317 3699 389 3746 cum
412 3677 543 3768 [luciani
566 3678 689 3744 asinum
714 3676 836 3743 fontem
857 3677 967 3756 fuisse,
989 3675 1076 3741 unde
1098 3675 1217 3740 Lucius
1234 3673 1365 3738 Patren-

184 3783 228 3847 sis
250 3782 467 3850 narrationem
489 3781 657 3862 hausisset,
681 3787 749 3848 trum
772 3782 861 3848 Lucii
882 3779 981 3846 libros
1014 3779 1055 3844 ab
1078 3777 1233 3862 Appuleio
1260 3775 1365 3858 inspe-

128 3892 135 3981 ὶ
184 3891 255 3952 atos
271 3905 349 3963 esse,
374 3905 411 3950 eo
427 3882 623 3962 adducimur,
646 3889 683 3950 ut
697 3886 783 3950 inter
805 3903 905 3970 opera
926 3883 1061 3948 duorum
1083 3883 1288 3966 scriptorum,
1310 3879 1365 3962 qui

133 4014 137 4035 ¹
184 3987 357 4057 admodum
379 3987 491 4073 paucis
512 3989 630 4054 aetatis
651 3988 742 4054 annis
765 3989 851 4054 inter
872 4009 908 4052 se
930 3985 1100 4064 differunt,
1133 3983 1225 4050 Lucii
1247 3981 1364 4050 librum

185 4145 392 4163 manu—*—

255 4232 278 4299 1)
315 4226 493 4302 Bernhardy,
512 4227 608 4284 histor.
627 4225 712 4286 litter·
729 4226 808 4286 Rom.
827 4245 854 4301 p.
872 4225 923 4282 730
946 4225 1039 4284 adnot.
1064 4221 1129 4293 5⁷43
1147 4219 1242 4292 Rode,
1267 4219 1363 4278 uano.

184 4317 260 4395 App.
278 4316 368 4394 preat
384 4333 414 4392 p·
428 4315 485 4389 153
502 4313 550 4374 aa
596 4331 600 4341 ¹
