2878 4698
639 125 766 222 ...34
810 159 853 173 ..

158 293 381 386 explicandam
398 293 583 360 necessaria
597 293 671 376 siut,
694 293 924 380 continuationi
946 296 1102 362 sermonis
1116 295 1221 364 media
1242 297 1340 364 inter·

93 417 95 422 ·
155 419 276 485 ponere
292 398 425 464 solest.“
449 395 546 460 Cuius
568 396 616 460 rei
629 395 830 480 praeclarum
852 404 900 462 est
916 398 1093 483 exemplum
1103 398 1255 483 periodus
1272 399 1340 479 illa,

157 500 299 585 quaein
329 520 399 582 cap.
429 504 467 564 12
497 498 571 564 libri
604 499 644 565 de
673 497 808 594 historia
836 500 1070 568 conscribenda
1097 501 1231 586 legitur,
1268 523 1344 568 cum

157 603 318 670 Lucienus
347 600 511 668 ineatis
538 600 780 684 interpositione
809 622 885 668 usus
909 602 959 667 sit.
1006 602 1069 668 Sed
1090 609 1127 670 ut
1150 602 1340 689 Guttentag‚

158 726 230 770 cum
251 705 284 769 in
307 703 468 770 Toxaride
490 704 631 768 eiusdem
653 704 700 768 rei
723 701 871 786 exempla
897 703 1086 778 invenisset,
1115 705 1248 772 Luciani
1270 707 1344 772 imi-

156 813 295 873 tatorem
310 805 411 872 fuisse
427 806 509 870 dixit
532 801 614 885 euin,
648 806 704 890 qui
726 804 886 890 dialogum
909 805 997 872 illum
1022 811 1260 892 composuisset,
1283 811 1340 891 ite,

158 909 187 974 si
216 929 297 992 quae
324 907 577 992 interpositionis
607 907 753 990 exempla
781 907 815 972 in
841 908 932 974 asino
962 913 1089 990 extant,
1120 910 1268 995 equidem
1296 913 1344 976 eis

159 1010 376 1076 demonstrari
399 1009 562 1090 existimo,
587 1009 672 1074 hunc
693 1008 834 1074 libellum
859 1011 900 1076 ab
922 1012 1068 1078 oratione
1090 1012 1253 1078 Lucianea
1276 1033 1344 1080 non
1375 1006 1377 1010 ’

159 1118 228 1178 tam
252 1111 445 1196 discrepare,
468 1133 564 1196 quam
586 1111 730 1178 nonnulli
753 1111 985 1178 contenderint.
1030 1115 1118 1180 Alios
1140 1135 1216 1180 vero
1238 1115 1344 1196 locos,

68 1277 75 1290 ,
160 1216 277 1300 quippe
305 1236 385 1300 quos
415 1214 594 1297 Guttentag
626 1214 780 1298 plurimos
813 1213 986 1300 collegerit,
1022 1216 1143 1282 adferri
1173 1238 1237 1282 non
1264 1239 1346 1302 opus

161 1321 228 1394 est3
251 1317 362 1401 itaque
386 1309 441 1382 ees
463 1321 589 1382 tantum
612 1316 848 1401 exscripsimus
866 1307 952 1402 ¹quos
974 1320 1007 1384 in
1027 1319 1118 1384 asino
1140 1319 1291 1404 legimus:

247 1439 318 1503 cap,
345 1425 372 1486 5.
402 1458 445 1467 -
471 1419 530 1506 τῆς
559 1415 622 1507 γὰρ
647 1414 800 1504 γυναικὸς
826 1420 887 1484 τοῦ
914 1415 1017 1508 φίλου
1036 1418 1093 1488 καὶ
1115 1419 1209 1498 ξένου
1225 1419 1346 1512 πόρρω

160 1519 280 1588 ίστασο
312 1561 351 1570 -
385 1545 454 1606 cap.
484 1529 502 1588 6
540 1558 576 1568 -
607 1518 742 1608 σφόδρα
775 1518 838 1611 γὰρ
872 1512 912 1608 ἦν
944 1517 1063 1606 ἰταμὸν
1103 1519 1159 1590 καί
1195 1519 1343 1611 χαρίτων

161 1623 284 1708 μεστὸν
305 1623 343 1691 τὸ
371 1622 531 1710 κοράσιον
552 1661 592 1670 -·
609 1643 676 1706 eap.
696 1626 735 1686 28
752 1621 875 1688 πολλοὶ
890 1623 927 1690 δὲ
943 1620 1031 1690 πάνυ
1046 1615 1132 1712 ἦσαν
1148 1647 1215 1710 cap.
1232 1631 1287 1689 31:
1304 1664 1346 1676 -

162 1733 195 1794 τί
215 1728 278 1816 γὰρ
292 1719 377 1794 litto
394 1723 550 1801 ἐόύνατο;
575 1745 642 1808 cap.
660 1729 714 1789 3o:
740 1761 781 1770 —
796 1727 895 1790 τοῦτο
910 1723 973 1815 ’γὰρ
989 1717 1074 1808 εἶχεν
1095 1717 1236 1809 deonoti
1260 1718 1348 1816 ὤνη-

163 1823 308 1913 σᾶμενός
321 1853 364 1912 με
382 1868 421 1877 -—
440 1850 507 1912 cap.
526 1833 574 1892 54.
592 1863 633 1874 -
648 1821 739 1907 ἔτυχε
762 1825 798 1892 dr
814 1828 856 1914 τῇ
877 1825 945 1916 θέᾳ
960 1821 1070 1919 ,ταύτῃ
1093 1825 1213 1916 παρών
1238 1867 1272 1876 --
1298 1831 1347 1895 Eo

163 1931 258 1998 modo
281 1932 450 1998 scribenda
472 1951 541 1996 esse
563 1949 677 1994 censeo
702 1927 798 1992 verba
821 1951 888 2013 cap.
918 1936 962 2007 19,
988 1951 1071 2012 quae
1093 1953 1197 2015 neque
1219 1931 1348 1998 Bekker

164 2053 267 2118 neque
288 2031 433 2099 Jacobitz
456 2032 545 2096 uncis
566 2031 778 2100 incluserunt:
802 2026 847 2109 ὥς
874 2031 911 2099 δὲ
942 2023 1039 2098 doddo
1060 2021 1160 2118 ἤνυον
1182 2071 1224 2081 -
1239 2027 1349 2100 iterato

165 2133 202 2202 δὲ
230 2129 344 2225 ὥσπερ
374 2130 475 2212 λίθος
502 2132 537 2202 ίν
558 2133 601 2222 τῇ
623 2127 694 2199 ὁδῶ
716 2125 956 2224 ἄπηγορευκαίς
979 2129 1256 2228 -ιλογισάμενοι
1278 2135 1348 2200 κτλ.

252 2243 285 2320 2)
308 2237 485 2303 Lucienum
507 2235 540 2300 in
562 2235 670 2302 multis
699 2235 788 2301 loeis
809 2236 1127 2320 plusquamperfecto
1150 2244 1183 2303 et
1203 2237 1348 2322 perfecto

166 2362 257 2406 usum
281 2361 351 2406 esse
373 2341 456 2404 inter
478 2358 587 2403 omnes
608 2341 751 2416 constat,
769 2357 857 2418 ¹cum
888 2339 1119 2404 consuetudine
1150 2340 1258 2423 graeci
1280 2361 1347 2406 ser-

166 2445 268 2508 monis
298 2443 439 2508 aoristus
466 2441 540 2524 poni
576 2440 715 2506 deberet.
753 2437 910 2518 (Guttent.
938 2462 969 2524 p.
1000 2443 1065 2526 41).
1111 2441 1222 2528 Neque
1250 2443 1283 2506 in
1311 2442 1350 2506 li-

167 2546 268 2623 belle,
295 2545 334 2610 de
357 2565 420 2632 quo
442 2535 535 2610 nobis
560 2548 609 2608 est
632 2541 825 2626 disputatio,
859 2543 975 2608 desunt
1004 2543 1158 2610 eiusmodi
1189 2544 1349 2630 exempla:
1438 2620 1439 2629 ρ

100 2687 109 2702 ·
168 2670 236 2734 cap.
260 2654 288 2712 2.
312 2640 451 2735 μετρίαν
474 2637 554 2711 ὁδὸν
576 2641 747 2730 ἐλήλυθεν.
780 2648 807 2706 3.
831 2641 1068 2726 ἐμπέπτωκας.
1092 2653 1143 2712 23.
1166 2639 1351 2734 ἀπονενοη-

168 2749 271 2836 μένου
294 2755 344 2816 34.
364 2745 587 2835 κεκενωμένης
617 2751 665 2811 35.
694 2739 990 2829 ὑπολελειμμένον.
1028 2753 1078 2812 26.
1102 2747 1258 2836 ἐώνημαι.
1298 2755 1350 2814 49.

169 2848 398 2944 προεληλύθει
421 2855 471 2915 54.
493 2845 776 2937 ἐκπεπληγμένον.
814 2853 864 2912 56.
889 2839 1078 2938 ἡμάρτηταί
1097 2840 1184 2934 μοι.Ι

254 2955 361 3038 Atque
384 2953 480 3018 etiam
504 2955 579 3018 sunt
599 2950 671 3030 loci,
693 2949 859 3033 inquibus
881 2949 1062 3034 perfectum
1077 2959 1151 3037 post
1166 2946 1251 3020 ὥστε
1275 2974 1351 3038 par-

169 3059 302 3126 ticulam
335 3056 476 3140 positum
520 3054 710 3120 inveniatur.
749 3071 817 3136 cap.
848 3058 896 3116 11.
928 3045 1271 3142 dorr'e'nctslriopqr
1300 3061 1351 3121 37.

171 3155 256 3228 ὥστε
278 3158 488 3244 πεπλῆσθαι.

172 3262 291 3342 Quodsi
322 3261 383 3326 hoc
411 3259 485 3324 inde
513 3258 633 3323 factum
660 3279 731 3324 esse
759 3257 844 3326 haud
870 3256 989 3322 iniuste
1019 3255 1229 3336 arbitramur,
1262 3261 1348 3342 quod

172 3365 304 3432 Luciani
327 3367 444 3428 aetate·
456 3363 487 3426 in
510 3359 687 3424 hominibus
711 3361 832 3444 graecis
860 3360 922 3424 iam
947 3381 1010 3424 non
1040 3359 1154 3424 fuisset
1173 3357 1350 3444 'singularis

172 3469 228 3534 illa
250 3465 424 3550 diligentia,
448 3483 512 3546 qua
534 3463 726 3528 vetustiores
750 3463 922 3546 scriptores
944 3462 977 3526 in
993 3459 1190 3526 observanda
1214 3464 1353 3546 genuina

173 3569 340 3635 modorum
372 3571 616 3647 temporumque
657 3564 687 3628 vi
716 3571 748 3630 et
780 3563 941 3648 potestate
975 3562 1164 3630 utebantur:
1197 3603 1240 3616 -
1266 3565 1352 3632 haud

175 3671 240 3739 scio
268 3691 309 3736 an
338 3669 436 3734 etiam
462 3665 494 3730 id
518 3667 656 3732 sermoni
686 3667 726 3734 ab
761 3666 895 3752 antiqua
929 3667 1071 3752 puritate
1100 3666 1164 3732 iam
1192 3667 1352 3732 recedenti

174 3771 377 3840 tribuendum
410 3771 464 3844 sit,
496 3767 581 3854 quod
604 3767 763 3834 Lucienus
792 3769 824 3834 in
855 3768 999 3834 omnibns
1029 3769 1095 3834 fere
1127 3771 1254 3854 scriptis
1282 3791 1353 3854 par-

173 3876 286 3961 ticipia
299 3873 413 3940 coristi
428 3893 653 3956 nonnunquam
668 3873 842 3957 usurpavit,
865 3873 921 3938 ubi
935 3872 1115 3958 praesentis
1136 3877 1351 3955 expectamus.
1422 3851 1432 3870 ⁰

174 3977 319 4042 Eundem
341 3975 583 4060 participiorum
605 3994 696 4040 usum
720 3975 753 4040 in
775 3976 865 4042 asino
887 3975 1055 4042 habemus:
1085 3995 1153 4058 cap.
1177 3978 1229 4039 24,
1250 3981 1354 4041 ταῦτα

175 4069 250 4144 εἶπε
266 4067 594 4166 παταψηλαφήσασά
610 4103 686 4163 μου,
709 4100 767 4164 pro
782 4075 1077 4167 καταψηλαφῶσα)
1100 4095 1168 4160 cap.
1195 4081 1242 4140 18.
1265 4072 1354 4140 συνέ-

175 4177 367 4268 κοψεΙμήτε
390 4179 543 4270 πλευρῶν
558 4178 759 4270 φεισάμενος
771 4177 856 4267 μήτε
873 4180 989 4270 μηρῶν
1012 4183 1061 4243 23.
1085 4175 1244 4244 θανάτων
1259 4167 1354 4255 ὄίξιον

177 4278 282 4349 εῑπαλν
303 4275 404 4350 ἔθεον
425 4285 485 4349 τοῦ
506 4282 695 4374 τραύματος
717 4274 887 4370 ἀμελήσας
910 4279 964 4368 (ci.
994 4301 1100 4365 quom.
1129 4277 1203 4344 hist.
1227 4299 1350 4346 consor.
