2878 4698
54 381 56 385 .
109 324 253 408 magicae
269 325 509 409 cognoscendae
525 323 702 408 cupiditate
718 329 769 392 est
788 323 1014 405 inflammatus,
1034 329 1075 391 ut
1085 310 1254 396 Palaestra
1272 311 1285 338 '⁴
1419 307 1428 324 ”

112 419 205 493 orare
228 433 261 493 et
284 428 453 494 obsecrare
474 449 538 494 non
559 427 650 510 prius
671 428 840 508 desineret,
872 447 967 512 quam
980 426 1128 512 'prodigii
1148 427 1234 496 illius
1249 430 1287 496 fn
1364 513 1372 526 .

110 549 146 594 se
177 529 249 612 ipso
279 530 450 598 exercendi
481 529 620 596 facultas
653 531 795 597 daretur.
839 531 952 616 Neque
977 537 1086 596 tamen
1114 536 1286 616 unguento,

109 653 173 715 qno
200 633 315 700 mulier
340 655 413 702 sese
434 623 733 712 transformaverat,
756 638 872 700 unctus
893 633 927 698 in
949 627 1041 700 avem
1064 625 1115 699 est
1135 637 1286 713 mutatus,

110 735 168 802 sed
203 736 237 802 in
275 737 410 816 asinum,
444 729 538 802 cuius
575 735 690 802 habuit
729 725 763 800 et
793 756 903 803 vocem
931 742 964 801 et
990 735 1130 802 formam
1158 727 1287 803 servata

107 843 235 904 tantum
258 844 365 905 mente
386 838 536 904 hnmana.
583 837 647 904 Sed
670 859 740 904 cum
762 837 933 906 Palaestra
955 838 1010 905 ubi
1031 839 1233 906 illucesceret
1254 859 1287 906 ee
1368 910 1371 916 ,

108 961 202 1006 rosas
229 939 410 1006 adlaturam
439 961 509 1007 esse
530 941 751 1030 promisisset,
765 941 878 1026 quibus
906 942 1039 1008 comesis
1059 943 1094 1007 in
1115 941 1287 1010 humanam

108 1042 243 1108 sonuum
272 1042 435 1109 rediturus
463 1049 557 1126 esset,
584 1043 701 1112 Lucius
729 1045 836 1110 animo
863 1042 905 1109 ad
927 1040 1159 1129 laetamlspem
1181 1051 1288 1113 erecto

107 1147 141 1212 in
163 1145 324 1213 stabulum
346 1145 427 1214 abiit
449 1146 594 1232 (Lucian.
617 1169 685 1232 cap.
711 1147 840 1233 1-14).
877 1145 968 1214 Haec
988 1151 1096 1214 cutem
1118 1169 1194 1232 spes
1215 1169 1288 1216 eum

15 1249 17 1256 ’
106 1247 232 1318 fefellit.
274 1248 358 1316 Nam
389 1236 487 1316 noctu
519 1249 665 1318 latrones
694 1248 872 1336 Hipparchi
909 1249 1003 1316 domo
1037 1245 1220 1334 espugnata
1255 1257 1289 1316 et
1366 1241 1373 1256 '

109 1349 251 1436 expilata
269 1351 425 1435 jumenta,
447 1353 482 1418 iu
504 1355 620 1440 quibus
641 1355 781 1435 Lucium,
804 1352 934 1437 praedis
956 1349 1071 1421 dnusta
1093 1350 1225 1436 abigunt
1245 1352 1289 1420 ad

28 1493 32 1502 ·
107 1453 302 1539 speluncam,
331 1475 414 1538 quae
446 1455 491 1522 eis
522 1461 595 1522 erat
627 1456 761 1542 refugio.
805 1456 884 1522 Tum
911 1454 1036 1535 Lucius,
1066 1454 1122 1539 qui
1151 1453 1186 1519 in
1217 1453 1288 1538 ipso

106 1558 228 1624 itinere
256 1557 370 1642 capitis
391 1558 569 1643 periculum
590 1579 688 1645 aegre
710 1559 875 1643 effugerat,
902 1558 1009 1624 varios
1030 1577 1123 1624 casus
1145 1561 1195 1623 eet
1215 1576 1288 1642 per-

106 1678 232 1746 pessus.¹
273 1660 353 1726 Cum
389 1663 474 1727 enim
501 1668 629 1747 raptam
660 1663 818 1748 virginem
850 1659 1041 1746 praeclarae
1070 1659 1210 1738 formae,
1237 1659 1288 1725 cui

105 1783 223 1828 nomen
250 1768 321 1829 erat
343 1762 485 1844 Charite,
507 1764 644 1832 avehere
666 1770 809 1842 conatus,
832 1785 853 1829 a
873 1762 1087 1848 praedonibus
1110 1759 1288 1846 deprehen·

106 1887 161 1933 sus
197 1871 231 1932 et
255 1865 460 1932 foedissimae
487 1869 583 1934 morti
612 1867 761 1936 addictus
783 1872 880 1948 esset,
913 1864 1072 1932 destinate
1099 1861 1168 1946 jam
1194 1861 1289 1930 ‘exilii

105 1973 260 2053 tempore,
289 1967 425 2034 militurn
456 1968 602 2050 adventu,
634 1972 690 2056 qui
711 1971 864 2055 virginem
885 1969 1113 2044 liberaverunt,
1143 1969 1193 2030 est
1214 1985 1288 2030 con·

107 2075 263 2138 servatus.
307 2069 391 2148 Quin
424 2072 520 2138 etiam
542 2073 685 2148 Charite,
718 2079 756 2139 ut
788 2072 910 2156 gratias
939 2069 969 2135 ei
996 2068 1143 2146 referret,
1175 2065 1289 2134 bordei

107 2175 143 2238 et
170 2169 259 2237 foeni
285 2191 435 2255 magnam
463 2175 587 2258 copiam
615 2167 739 2242 cotidie.
761 2177 874 2241 adesse
900 2178 935 2237 et
960 2173 994 2238 in
1019 2169 1187 2254 praedium
1215 2189 1288 2234 eum

108 2273 225 2341 deduci
254 2273 357 2358 iussit
393 2273 450 2341 ubi
481 2275 515 2342 in
550 2277 651 2360 pratis
679 2277 831 2345 libertate
858 2277 1027 2342 frueretur.
1070 2271 1183 2356 Neque
1205 2290 1288 2337 vero

106 2375 215 2444 adnue
236 2375 408 2458 beneficiis,
435 2376 553 2463 quibus
574 2379 674 2444 voluit
695 2380 832 2457 domina,
854 2377 901 2444 ibi
923 2381 972 2442 est
993 2367 1152 2451 adfectum
1175 2371 1232 2438 sed
1253 2372 1317 2440 iu-

107 2499 232 2546 summa
264 2478 351 2546 male
383 2479 505 2558 incidit,
526 2483 615 2546 'nam
651 2482 812 2566 equisonis
840 2479 955 2547 coniux
983 2477 1089 2544 molae
1117 2497 1188 2541 eum
1217 2474 1288 2542 sub

104 2581 212 2648 iunxit
238 2587 271 2647 et
293 2599 392 2664 „puer
420 2581 583 2666 impurum
605 2584 655 2650 cui
682 2582 905 2651 custodiendus
934 2585 1004 2646 erat
1028 2577 1174 2656 traditus,
1204 2599 1288 2644 sum-

76 2671 79 2678 ’
105 2684 168 2750 mis
191 2681 385 2750 cruciatibus
408 2682 528 2751 adfecit
550 2685 637 2767 (Luc.
663 2685 820 2767 15-33.).
849 2685 985 2768 Jamque
1008 2680 1174 2766 equisones
1194 2683 1288 2766 pueri

106 2783 283 2854 mendaciis
311 2786 449 2868 permoti
478 2785 663 2857 virilitatem
691 2787 721 2852 ei
749 2786 928 2871 adempturi
949 2790 1052 2860 erant,
1076 2804 1147 2849 cum
1168 2804 1287 2866 omnes,

107 2887 164 2971 qui
189 2887 224 2952 in
250 2886 306 2953 illc
334 2886 467 2970 praedic
493 2887 633 2969 fuerant,
661 2892 793 2973 accepto
821 2889 943 2967 nuntio,
974 2886 1127 2952 Chariten
1155 2887 1287 2972 eiusque

107 2988 276 3070 coniugem
302 2993 439 3055 mortem
467 2987 578 3072 obisse,
603 3005 624 3056 'e
655 2992 785 3074 regione
811 2990 899 3058 abire
922 2993 955 3054 et
977 2989 1063 3075 quod
1084 2989 1199 3073 cuique
1221 2987 1287 3058 fore

108 3088 225 3156 obtulit
246 3109 362 3175 rapere
385 3094 419 3156 et
439 3112 548 3159 secum
569 3093 654 3160 ferre
676 3099 860 3178 coeperunt.
903 3093 1017 3179 Itaque
1040 3091 1138 3156 etiam
1162 3091 1287 3157 asinum

108 3191 273 3258 abducunt
303 3197 337 3259 et
357 3193 509 3274 Barcaeo,
540 3195 627 3278 quod
654 3199 704 3260 est
724 3183 931 3262 Macedoniae
962 3193 1124 3279 oppidum,
1151 3193 1224 3273 „uni
1247 3192 1287 3260 de

106 3293 227 3362 triviali
257 3294 461 3380 popularium
485 3296 574 3361 faece
603 3289 752 3377 venduut,
781 3299 836 3382 qui
864 3319 924 3383 per
956 3297 1082 3384 plateas
1110 3298 1143 3360 et
1169 3294 1288 3379 oppida

92 3395 201 3467 deam
229 3396 357 3483 Syriam
393 3397 651 3474 circumferentes
685 3399 867 3467 mendicare
904 3399 1128 3486 compellunt.“
1179 3395 1287 3462 Etiam

106 3497 195 3585 apud
215 3498 301 3568 hunc
319 3499 454 3584 eiusque
476 3500 580 3568 socios
603 3522 666 3566 non
687 3501 782 3568 modo
805 3499 941 3587 flegellis‘
963 3502 1005 3568 ad
1027 3506 1162 3567 mortem
1184 3519 1287 3583 paene

107 3599 281 3681 confectus,
307 3601 485 3670 sedetiam
510 3602 544 3668 in
569 3623 725 3670 summum
746 3606 831 3672 vitae
853 3604 1024 3672 discrimen
1047 3605 1096 3668 est
1119 3600 1287 3679 adductus,
1306 3597 1308 3603 '

106 3725 180 3771 cum
211 3701 271 3769 viri
300 3701 464 3771 cuiusdam
491 3703 639 3771 ditissimi
660 3727 789 3792 coquus,
817 3709 1001 3774 veritusne
1025 3705 1065 3772 cb
1087 3703 1172 3772 cervi
1195 3691 1288 3786 (dccv

108 3797 228 3895 ἀγρίου
250 3803 397 3891 Luciam)
420 3803 523 3872 femur
550 3809 794 3893 pinguissimum
824 3809 978 3876 amissum
1006 3827 1026 3873 a
1048 3807 1177 3874 domino
1198 3805 1286 3890 puni-

106 3910 206 3986 retur,
234 3906 367 3974 Lucium
394 3918 511 3978 necare
540 3916 573 3978 et
598 3911 784 3978 cenantibus
816 3911 980 3996 adponere
1007 3909 1174 3976 statuisset
1196 3908 1297 3994 (Luc,

108 4009 273 4095 ar-41.).
318 4009 410 4088 Quod
432 4012 608 4097 periculum
629 4017 801 4099 postquam
823 4013 955 4080 consilio
978 4017 1012 4080 et
1032 4013 1154 4080 astutia
1175 4009 1288 4096 effugit

107 4111 246 4178 dominis
276 4111 355 4176 furti
383 4117 416 4176 et
442 4115 603 4198 sacrilegii
629 4115 780 4181 convictis
803 4136 823 4179 a
844 4115 968 4198 pistore
991 4117 1116 4194 emitur,
1140 4114 1289 4197 quicum

103 4213 214 4282 nimiis
242 4219 275 4280 et
301 4213 438 4280 insolitis
464 4213 629 4283 laboribus
663 4217 706 4283 ad
731 4215 865 4283 maciem
894 4216 1061 4283 reductum
1083 4215 1191 4302 paullo
1214 4216 1289 4300 post
1421 4195 1422 4243 Τ

106 4315 280 4386 hortulano
308 4315 452 4388 vendidit
473 4315 563 4408 (Luc.
586 4320 745 4404 42-43.),
789 4317 887 4406 Isque
914 4339 987 4390 cum
1018 4319 1151 4390 militem
1174 4335 1286 4405 super·
