2878 4698
528 123 742 220 -15'-

55 291 301 426 pectuscum
315 320 560 416 dffdtdymv'cic
582 318 788 415 ἀνθρώπους
809 319 1071 400 cccccccccc.
1096 319 1153 388 καὶ
1172 313 1232 388 cdv

58 427 154 504 dulos
171 437 239 502 τῶν
258 432 418 502 παλαιῶν
436 430 558 515 μύθων
570 423 686 496 'aldios
707 423 763 493 καὶ
785 421 973 518 φλήναφον,
1001 425 1118 515 γραφῇ
1145 443 1232 512 παρ-

60 534 166 607 sdidov
188 540 294 606 ccccc
312 533 373 603 xci
391 533 612 625 compascua-

139 659 189 726 Ex
210 658 261 724 his
282 659 427 742 apparet,
451 653 585 720 Lucium
611 648 769 730 fabulam,
794 647 912 733 quippe
934 658 1019 732 quae
1047 643 1133 730 apud
1159 665 1235 711 eum
1306 631 1309 644 '

60 763 176 830 duobus
190 761 284 830 libris
299 758 511 837 contineatur,
534 754 695 841 copiosius
711 752 911 820 enarrauisse
936 769 1033 835 quam
1047 747 1235 827 Lucanum,

62 866 245 952 Appuleium
274 867 381 946 autem
413 865 551 944 utroque
586 857 756 942 copiosius.
811 855 927 940 Itaque
961 851 1137 944 Appuleius
1170 849 1239 917 sive

61 967 146 1035 Lucii
176 968 243 1033 siue
270 964 404 1030 Luciani
438 961 665 1028 auctoritatem
700 964 843 1035 secutus,
881 957 987 1024 multa
1023 959 1080 1021 aut
1107 956 1148 1020 de
1177 973 1239 1020 suo
1351 1043 1354 1050 .

62 1076 116 1137 aut
144 1071 183 1136 da
213 1067 348 1135 alionum
376 1066 505 1150 scriptis
531 1064 657 1132 adiecit.
701 1063 815 1148 Neque
837 1059 968 1128 difficile
982 1061 1171 1144 plerumque
1188 1077 1241 1132 ea,
1306 1072 1313 1086 ·

62 1189 140 1258 quae
168 1172 294 1239 addidit
321 1171 419 1236 homo
451 1165 686 1234 Madaurensis'
710 1169 923 1232 secernuntur
947 1163 988 1228 ab
1018 1163 1081 1244 eis,
1113 1177 1242 1248 quaen

63 1275 193 1342 Graecis
220 1275 351 1360 accepit.
402 1271 479 1338 Tria
502 1271 585 1338 enim
607 1270 781 1356 praecipue
808 1267 1101 1334 additamentorum
1122 1281 1244 1348 genera

61 1379 275 1460 inveniuntur,
299 1354 596 1464 quomnffffium
619 1389 690 1440 esse
712 1389 828 1438 censeo
854 1367 981 1436 fabulas
1009 1370 1089 1434 satis
1116 1365 1242 1453 longas,

63 1503 142 1567 quas
164 1498 298 1566 prorsus
321 1479 443 1546 alienas
467 1475 597 1544 affiucii
624 1477 755 1543 fortuna
775 1477 889 1540 auctor
909 1471 1087 1538 inseruisse
1105 1469 1241 1550 uidetur,

62 1591 97 1649 ut
118 1581 423 1665 ,‚rebus.iucundis“
452 1579 610 1646 lectorum
639 1579 763 1646 animos
776 1575 973 1642 delectaret.
1019 1573 1165 1653 Quarum
1192 1571 1260 1638 fa»

62 1687 209 1753 hulmum
226 1685 262 1750 in
285 1703 418 1750 numero
447 1683 596 1750 habenda
623 1677 898 1766 estlepidissima
923 1675 982 1744 illa
1009 1677 1049 1742 de
1077 1672 1241 1762 Cupidinis

64 1795 97 1854 et
118 1788 263 1874 Psychae
286 1785 458 1867 amoribus,
482 1807 579 1870 quam
601 1804 739 1852 narrans
760 1783 875 1872 uirgini
902 1785 1017 1868 raptae
1048 1777 1083 1845 in
1104 1779 1241 1864 praedo-

61 1911 137 1956 num
166 1890 321 1975 spelunca
350 1888 530 1955 temulenta
563 1889 690 1956 anicula
723 1885 965 1979 indroducitup,
1001 1883 1068 1963 (lib.
1095 1881 1242 1968 lV—Jll)

63 1993 180 2058 deinde
213 1991 312 2076 longa
345 1991 386 2058 de
418 1991 570 2058 Charitae
599 1989 840 2076 Tlepolemique
865 1991 970 2065 morte
997 1985 1144 2053 namatio
1176 1985 1243 2066 (lib.

63 2093 133 2174 Vll,
155 2093 249 2177 init),
281 2093 321 2157 de
348 2093 433 2158 fabri
460 2093 624 2160 cuiusdam
654 2101 789 2178 coniuge
818 2089 996 2156 libidinosis
1024 2087 1243 2174 uoluptatibus

64 2195 174 2262 dedita
203 2193 276 2278 (lib.
308 2195 366 2260 lx.
392 2215 423 2279 p.
454 2199 530 2278 599)
558 2196 597 2261 dc
620 2197 737 2262 Aretae
767 2201 801 2262 et
825 2191 1053 2258 Philesietaeri
1080 2191 1242 2259 adulterio

62 2298 131 2383 (lib.
164 2295 209 2361 lX
242 2317 273 2381 p.
305 2298 413 2382 vthia),
454 2297 494 2364 de
530 2299 673 2366 mulieris
711 2297 832 2366 scelere
867 2295 1011 2363 Corinthi
1047 2295 1090 2362 ad
1123 2293 1245 2361 bestias

63 2401 237 2466 damnatae
260 2401 328 2479 (lib.
352 2399 383 2466 X
404 2421 437 2483 p.
462 2406 522 2466 722
547 2405 634 2486 sqq.)
678 2403 785 2485 Atque
813 2421 854 2466 ex
880 2399 986 2466 verbis
1008 2399 1103 2483 ipsis,
1127 2397 1244 2483 quibus

65 2502 221 2570 eiusmodi
261 2503 467 2570 narrationes
499 2521 570 2568 sese
599 2488 778 2569 relaturum
815 2521 886 2568 esse
911 2501 1086 2585 Appuleius
1113 2499 1244 2580 indicat,

64 2605 160 2671 facile
171 2603 308 2687 intelligi
322 2607 440 2687 potest,
455 2604 534 2670 nihil
547 2625 603 2670 eas
614 2605 812 2690 adreliqu'as
827 2604 935 2690 operis
946 2605 1056 2688 partos
1068 2603 1246 2688 pertinere3

63 2709 143 2772 dicit
171 2707 256 2772 enim
276 2705 465 2791 plerumque
484 2707 570 2772 hune
592 2707 664 2774 fere
682 2709 717 2772 in
739 2707 883 2774 modum:
914 2707 982 2792 (lib.
1003 2705 1084 2773 VIII
1105 2729 1136 2792 p.
1155 2709 1246 2788 504.)

63 2811 97 2874 ls
122 2809 169 2891 de
185 2811 254 2875 eius
277 2811 373 2874 exitio
397 2816 431 2876 et
457 2811 571 2876 domus
599 2811 700 2876 totius
729 2802 904 2877 infortunio
933 2809 1018 2876 mira
1040 2827 1078 2876 ac
1100 2807 1243 2876 nefanda

64 2914 113 2976 sio
142 2911 372 2989 adnuntiabat3
406 2911 460 2976 lib.
493 2913 540 2977 IX
566 2939 595 2998 p.
625 2911 724 2998 599.):
768 2913 960 2979 devertimus
994 2911 1036 2978 ad
1068 2911 1248 2997 quempiam

64 3033 188 3098 pagum
211 3019 245 3077 ct
267 3014 487 3096 cognoscimus
510 3015 649 3100 lepidam
677 3014 717 3080 de
747 3013 907 3080 adulterio
938 3013 1103 3081 cuiusdam
1133 3033 1249 3098 paupe-

64 3117 113 3180 ris
135 3112 290 3195 fabulam,
314 3136 410 3200 quam
431 3136 488 3182 vos
511 3117 609 3184 etiam
631 3117 831 3202 cognoscatis
853 3118 925 3184 volo
948 3117 990 3200 (ll
1012 3139 1043 3204 p.
1064 3121 1166 3198 679.)ε
1188 3115 1251 3182 Ibi-

65 3219 143 3284 dem
166 3216 368 3302 designatum
392 3220 564 3286 scelestum
587 3239 626 3287 ac
647 3218 808 3286 nefarium
830 3218 956 3287 lacinus
971 3221 1110 3288 memini.
1134 3218 1200 3286 Sed
1214 3222 1268 3284 ut*
1323 3257 1326 3263 -
1375 3267 1376 3270 η

65 3341 126 3387 vos
155 3321 254 3407 etiam
281 3320 399 3404 legatis
431 3322 474 3387 ad
495 3321 614 3389 librum
636 3321 781 3406 profero:
804 3321 847 3408 (X
868 3344 899 3407 p.
924 3325 1024 3409 122.):
1049 3323 1127 3388 Eius
1149 3341 1251 3409 paene

64 3423 178 3488 talem'
192 3439 405 3506 cognoveram
426 3421 579 3490 fabulam.

156 3525 282 3620 Deinde
296 3525 444 3622 Quina
471 3529 598 3614 generis
627 3547 695 3612 eosv
710 3525 798 3594 locos
831 3549 902 3594 esse
929 3549 1063 3610 censeo,
1092 3528 1162 3612 qui,
1191 3527 1253 3592 etsi

64 3628 181 3716 paullo
219 3627 322 3694 artius
354 3651 426 3696 cum
456 3632 558 3715 ipsius
591 3629 721 3696 fabulae
753 3635 941 3715 argumento
973 3631 1134 3697 coniuncti
1167 3635 1251 3712 aunt,

67 3740 185 3798 tamen
207 3735 340 3816 propter
370 3733 540 3799 verborum
574 3733 753 3798 ubertatem
784 3739 818 3798 et
844 3733 1034 3800 orationum·
1056 3735 1182 3820 copiam
1203 3730 1252 3800 ‘ab

65 3833 241 3918 Appuleio,
263 3839 301 3898 ut
315 3834 383 3900 viro
405 3835 444 3900 in'
460 3835 623 3901 rhetorum
647 3835 764 3901 scholis
788 3843 820 3900 et
841 3838 873 3901 in
896 3835 1002 3902 causis
1029 3837 1164 3922 agendis
1186 3837 1254 3901 exi-

64 3937 135 4003 mie
156 3942 297 4016 vensato‚
318 3937 499 4022 interpositi
520 3939 681 4006 videntur.
724 3939 785 4004 Est
806 3944 914 4005 autem
937 3939 1114 4014 eiusmodi,
1136 3937 1253 4006 utalia

65 4041 223 4106 omittam
250 4075 293 4088 -
321 4039 404 4106 mira
432 4041 600 4108 detritus
627 4040 751 4108 utribus
778 4041 919 4110 aLucio
947 4041 1116 4108 trucidatis
1136 4039 1254 4124 fabula,

63 4145 101 4208 in
136 4148 264 4226 quaet
292 4149 471 4210 accusator.
493 4150 526 4209 et
553 4165 628 4210 reus
658 4145 744 4230 apud
773 4137 1014 4213 ludices'verba
1034 4145 1157 4212 iaciunt
1175 4145 1256 4212 satis

64 4245 180 4310 multu
211 4249 244 4309 et
276 4247 458 4315 artificiosa.
507 4247 605 4314 Cuius
636 4249 771 4316 actionis
806 4248 942 4316 forensis
978 4249 1171 4316 simillimum
1207 4253 1258 4314 est

65 4347 229 4414 iudicium
253 4347 334 4414 illud
363 4349 402 4414 de
433 4351 588 4418 scelestae
615 4373 775 4420 novercae
807 4350 938 4435 flagitiis
967 4350 1124 4433 habitum,
1158 4349 1199 4434 (X
1225 4371 1256 4438 p.
