<?xml version="1.0" encoding="UTF-8"?>
<!DOCTYPE html PUBLIC "-//W3C//DTD XHTML 1.0 Transitional//EN"
    "http://www.w3.org/TR/xhtml1/DTD/xhtml1-transitional.dtd">
<html xmlns="http://www.w3.org/1999/xhtml" xml:lang="en" lang="en">
 <head>
  <title>
</title>
<meta http-equiv="Content-Type" content="text/html;charset=utf-8" />
  <meta name='ocr-system' content='tesseract 3.04.00' />
  <meta name='ocr-capabilities' content='ocr_page ocr_carea ocr_par ocr_line ocrx_word'/>
</head>
<body>
  <div class='ocr_page' id='page_1' title='image "./delucianolibell00knaugoog_0038.png"; bbox 0 0 2878 4698; ppageno 0'>
   <div class='ocr_carea' id='block_1_1' title="bbox 543 187 754 249">
    <p class='ocr_par' dir='ltr' id='par_1_1' title="bbox 543 187 754 249">
     <span class='ocr_line' id='line_1_1' title="bbox 543 187 754 249; baseline -0.009 -17"><span class='ocrx_word' id='word_1_1' title='bbox 543 187 754 249; x_wconf 66' lang='lat'><strong>..35-</strong></span> 
     </span>
    </p>
   </div>
   <div class='ocr_carea' id='block_1_2' title="bbox 54 345 1343 952">
    <p class='ocr_par' dir='ltr' id='par_1_2' title="bbox 54 345 1343 554">
     <span class='ocr_line' id='line_1_2' title="bbox 54 345 1343 446; baseline -0.002 -22"><span class='ocrx_word' id='word_1_2' title='bbox 54 349 108 424; x_wconf 78' lang='lat'><strong>10.</strong></span> <span class='ocrx_word' id='word_1_3' title='bbox 138 349 181 446; x_wconf 80' lang='grc' dir='ltr'><strong>ἢν</strong></span> <span class='ocrx_word' id='word_1_4' title='bbox 206 349 236 422; x_wconf 80' lang='grc' dir='ltr'><strong>δ’</strong></span> <span class='ocrx_word' id='word_1_5' title='bbox 266 346 437 442; x_wconf 74' lang='grc' dir='ltr'><em>ἀμελήσας</em></span> <span class='ocrx_word' id='word_1_6' title='bbox 461 347 594 420; x_wconf 78' lang='grc' dir='ltr'><strong><em>ἐκείνων</em></strong></span> <span class='ocrx_word' id='word_1_7' title='bbox 625 347 760 440; x_wconf 78' lang='grc' dir='ltr'><strong><em>ἡδονῆς)</em></strong></span> <span class='ocrx_word' id='word_1_8' title='bbox 789 357 842 417; x_wconf 86' lang='grc'><strong>41.</strong></span> <span class='ocrx_word' id='word_1_9' title='bbox 861 345 1065 430; x_wconf 77' lang='grc' dir='ltr'><strong><em>ὑπεδέξαντο</em></strong></span> <span class='ocrx_word' id='word_1_10' title='bbox 1094 347 1240 421; x_wconf 88' lang='grc' dir='ltr'><strong><em>οννοικί-</em></strong></span> <span class='ocrx_word' id='word_1_11' title='bbox 1336 357 1343 364; x_wconf 92' lang='grc'><strong>’</strong></span> 
     </span>
     <span class='ocr_line' id='line_1_3' title="bbox 54 453 1019 554; baseline -0.018 -25"><span class='ocrx_word' id='word_1_12' title='bbox 54 483 176 540; x_wconf 78' lang='grc' dir='ltr'><strong><em>σαντες</em></strong></span> <span class='ocrx_word' id='word_1_13' title='bbox 198 463 275 544; x_wconf 89' lang='lat' dir='ltr'><strong>(pro</strong></span> <span class='ocrx_word' id='word_1_14' title='bbox 299 453 561 554; x_wconf 84' lang='grc' dir='ltr'><strong><em>συνοικίζοντες).</em></strong></span> <span class='ocrx_word' id='word_1_15' title='bbox 583 490 627 500; x_wconf 91' lang='grc'>-</span> <span class='ocrx_word' id='word_1_16' title='bbox 1018 453 1019 458; x_wconf 72' lang='grc'>’</span> 
     </span>
    </p>

    <p class='ocr_par' dir='ltr' id='par_1_3' title="bbox 55 555 1241 952">
     <span class='ocr_line' id='line_1_4' title="bbox 143 555 1239 646; baseline -0.003 -18"><span class='ocrx_word' id='word_1_17' title='bbox 143 563 190 628; x_wconf 85' lang='lat' dir='ltr'><strong>Et</strong></span> <span class='ocrx_word' id='word_1_18' title='bbox 212 561 362 646; x_wconf 84' lang='lat' dir='ltr'><strong>quoniam</strong></span> <span class='ocrx_word' id='word_1_19' title='bbox 383 559 488 624; x_wconf 91' lang='lat' dir='ltr'><strong>oratio</strong></span> <span class='ocrx_word' id='word_1_20' title='bbox 518 577 589 622; x_wconf 89' lang='lat' dir='ltr'><strong>mea</strong></span> <span class='ocrx_word' id='word_1_21' title='bbox 619 555 745 621; x_wconf 86' lang='lat' dir='ltr'><strong>devenit</strong></span> <span class='ocrx_word' id='word_1_22' title='bbox 771 557 805 620; x_wconf 92' lang='lat' dir='ltr'><strong>in</strong></span> <span class='ocrx_word' id='word_1_23' title='bbox 834 558 965 638; x_wconf 86' lang='lat' dir='ltr'><strong>aetatis,</strong></span> <span class='ocrx_word' id='word_1_24' title='bbox 993 564 1031 624; x_wconf 89' lang='lat' dir='ltr'><strong>ut</strong></span> <span class='ocrx_word' id='word_1_25' title='bbox 1056 559 1102 626; x_wconf 87' lang='lat' dir='ltr'><strong>ita</strong></span> <span class='ocrx_word' id='word_1_26' title='bbox 1124 555 1239 640; x_wconf 92' lang='lat' dir='ltr'><strong>dicam,</strong></span> 
     </span>
     <span class='ocr_line' id='line_1_5' title="bbox 57 657 1241 746; baseline -0.006 -14"><span class='ocrx_word' id='word_1_27' title='bbox 57 687 189 734; x_wconf 88' lang='lat' dir='ltr'><strong>errores</strong></span> <span class='ocrx_word' id='word_1_28' title='bbox 213 661 457 738; x_wconf 89' lang='lat' dir='ltr'><strong>enumerandos,</strong></span> <span class='ocrx_word' id='word_1_29' title='bbox 487 657 601 745; x_wconf 87' lang='lat' dir='ltr'><strong>quibus</strong></span> <span class='ocrx_word' id='word_1_30' title='bbox 629 659 898 742; x_wconf 81' lang='lat' dir='ltr'><strong>praestantissimi</strong></span> <span class='ocrx_word' id='word_1_31' title='bbox 928 661 1102 744; x_wconf 81' lang='lat' dir='ltr'><strong>scriptores</strong></span> <span class='ocrx_word' id='word_1_32' title='bbox 1132 662 1241 746; x_wconf 89' lang='lat' dir='ltr'><strong>graeci</strong></span> 
     </span>
     <span class='ocr_line' id='line_1_6' title="bbox 55 759 1240 848; baseline -0.006 -12"><span class='ocrx_word' id='word_1_33' title='bbox 55 773 179 845; x_wconf 85' lang='lat' dir='ltr'><strong>carent,</strong></span> <span class='ocrx_word' id='word_1_34' title='bbox 204 765 358 831; x_wconf 92' lang='lat' dir='ltr'><strong>hocloco</strong></span> <span class='ocrx_word' id='word_1_35' title='bbox 380 783 442 828; x_wconf 90' lang='lat' dir='ltr'><strong>non</strong></span> <span class='ocrx_word' id='word_1_36' title='bbox 472 763 583 828; x_wconf 89' lang='lat' dir='ltr'><strong>dubito</strong></span> <span class='ocrx_word' id='word_1_37' title='bbox 612 759 757 846; x_wconf 86' lang='lat' dir='ltr'><strong>proferre</strong></span> <span class='ocrx_word' id='word_1_38' title='bbox 785 763 1001 844; x_wconf 90' lang='lat' dir='ltr'><strong>promiscuum</strong></span> <span class='ocrx_word' id='word_1_39' title='bbox 1028 762 1120 828; x_wconf 93' lang='lat' dir='ltr'><strong>illum</strong></span> <span class='ocrx_word' id='word_1_40' title='bbox 1142 785 1240 848; x_wconf 89' lang='lat' dir='ltr'><strong>nega-</strong></span> 
     </span>
     <span class='ocr_line' id='line_1_7' title="bbox 56 859 1240 952; baseline -0.004 -13"><span class='ocrx_word' id='word_1_41' title='bbox 56 873 182 938; x_wconf 89' lang='lat' dir='ltr'><strong>tionum</strong></span> <span class='ocrx_word' id='word_1_42' title='bbox 204 859 243 934; x_wconf 81' lang='grc' dir='ltr'><strong>οὐ</strong></span> <span class='ocrx_word' id='word_1_43' title='bbox 260 871 291 931; x_wconf 88' lang='lat' dir='ltr'><strong>et</strong></span> <span class='ocrx_word' id='word_1_44' title='bbox 312 861 358 952; x_wconf 83' lang='grc' dir='ltr'><strong>μή</strong></span> <span class='ocrx_word' id='word_1_45' title='bbox 381 887 483 944; x_wconf 89' lang='lat' dir='ltr'><strong>usum,</strong></span> <span class='ocrx_word' id='word_1_46' title='bbox 500 884 596 949; x_wconf 88' lang='lat' dir='ltr'><strong>quem</strong></span> <span class='ocrx_word' id='word_1_47' title='bbox 618 864 704 947; x_wconf 92' lang='lat' dir='ltr'><strong>apud</strong></span> <span class='ocrx_word' id='word_1_48' title='bbox 719 863 896 929; x_wconf 88' lang='lat' dir='ltr'><strong>Lucianum</strong></span> <span class='ocrx_word' id='word_1_49' title='bbox 910 865 1099 932; x_wconf 81' lang='lat' dir='ltr'><strong>incredibile</strong></span> <span class='ocrx_word' id='word_1_50' title='bbox 1115 868 1240 950; x_wconf 88' lang='lat' dir='ltr'><strong>quoties</strong></span> 
     </span>
    </p>
   </div>
   <div class='ocr_carea' id='block_1_3' title="bbox 57 965 1434 1260">
    <p class='ocr_par' dir='ltr' id='par_1_4' title="bbox 57 965 1434 1260">
     <span class='ocr_line' id='line_1_8' title="bbox 57 965 1434 1055; baseline -0.004 -14"><span class='ocrx_word' id='word_1_51' title='bbox 57 975 264 1040; x_wconf 83' lang='lat' dir='ltr'><strong>invenimus..</strong></span> <span class='ocrx_word' id='word_1_52' title='bbox 306 967 408 1048; x_wconf 82' lang='lat' dir='ltr'><strong>Quam</strong></span> <span class='ocrx_word' id='word_1_53' title='bbox 446 967 529 1032; x_wconf 90' lang='lat' dir='ltr'><strong>enim</strong></span> <span class='ocrx_word' id='word_1_54' title='bbox 566 967 600 1030; x_wconf 91' lang='lat' dir='ltr'><strong>in</strong></span> <span class='ocrx_word' id='word_1_55' title='bbox 636 965 695 1030; x_wconf 85' lang='lat' dir='ltr'><strong>hac</strong></span> <span class='ocrx_word' id='word_1_56' title='bbox 732 987 767 1032; x_wconf 88' lang='lat' dir='ltr'><strong>re</strong></span> <span class='ocrx_word' id='word_1_57' title='bbox 808 965 1002 1033; x_wconf 85' lang='lat' dir='ltr'><strong>admiramur</strong></span> <span class='ocrx_word' id='word_1_58' title='bbox 1039 968 1241 1055; x_wconf 87' lang='lat' dir='ltr'><strong>Thucydidis,</strong></span> <span class='ocrx_word' id='word_1_59' title='bbox 1345 985 1348 994; x_wconf 68' lang='lat'><strong>⁴</strong></span> <span class='ocrx_word' id='word_1_60' title='bbox 1433 967 1434 984; x_wconf 60' lang='lat'>¹</span> 
     </span>
     <span class='ocr_line' id='line_1_9' title="bbox 59 1067 1434 1161; baseline -0.004 -20"><span class='ocrx_word' id='word_1_61' title='bbox 59 1075 216 1154; x_wconf 87' lang='lat' dir='ltr'><strong>Plutonis,</strong></span> <span class='ocrx_word' id='word_1_62' title='bbox 245 1071 378 1138; x_wconf 89' lang='lat' dir='ltr'><strong>aliorum</strong></span> <span class='ocrx_word' id='word_1_63' title='bbox 402 1069 611 1154; x_wconf 88' lang='lat' dir='ltr'><strong>elegantiam,</strong></span> <span class='ocrx_word' id='word_1_64' title='bbox 641 1089 713 1134; x_wconf 89' lang='lat' dir='ltr'><strong>eam</strong></span> <span class='ocrx_word' id='word_1_65' title='bbox 734 1067 893 1135; x_wconf 86' lang='lat' dir='ltr'><strong>Lucianus</strong></span> <span class='ocrx_word' id='word_1_66' title='bbox 920 1070 985 1136; x_wconf 91' lang='lat' dir='ltr'><strong>iam</strong></span> <span class='ocrx_word' id='word_1_67' title='bbox 1008 1092 1070 1136; x_wconf 94' lang='lat' dir='ltr'><strong>non</strong></span> <span class='ocrx_word' id='word_1_68' title='bbox 1093 1075 1240 1140; x_wconf 79' lang='lat' dir='ltr'><strong>servavit.</strong></span> <span class='ocrx_word' id='word_1_69' title='bbox 1311 1152 1315 1161; x_wconf 72' lang='lat'><strong>.</strong></span> <span class='ocrx_word' id='word_1_70' title='bbox 1433 1075 1434 1156; x_wconf 60' lang='grc' dir='ltr'>ξ</span> 
     </span>
     <span class='ocr_line' id='line_1_10' title="bbox 59 1171 1434 1260; baseline -0.004 -16"><span class='ocrx_word' id='word_1_71' title='bbox 59 1181 165 1260; x_wconf 84' lang='lat' dir='ltr'><strong>Atque</strong></span> <span class='ocrx_word' id='word_1_72' title='bbox 189 1174 285 1240; x_wconf 85' lang='lat' dir='ltr'><strong>etiam</strong></span> <span class='ocrx_word' id='word_1_73' title='bbox 307 1175 342 1238; x_wconf 92' lang='lat' dir='ltr'><strong>in</strong></span> <span class='ocrx_word' id='word_1_74' title='bbox 363 1173 455 1238; x_wconf 89' lang='lat' dir='ltr'><strong>asino</strong></span> <span class='ocrx_word' id='word_1_75' title='bbox 479 1172 558 1237; x_wconf 87' lang='lat' dir='ltr'><strong>satis</strong></span> <span class='ocrx_word' id='word_1_76' title='bbox 583 1171 673 1235; x_wconf 91' lang='lat' dir='ltr'><strong>multi</strong></span> <span class='ocrx_word' id='word_1_77' title='bbox 695 1171 848 1238; x_wconf 89' lang='lat' dir='ltr'><strong>eiusmodi</strong></span> <span class='ocrx_word' id='word_1_78' title='bbox 869 1172 933 1238; x_wconf 92' lang='lat' dir='ltr'><strong>loci</strong></span> <span class='ocrx_word' id='word_1_79' title='bbox 957 1176 1077 1240; x_wconf 84' lang='lat' dir='ltr'><strong>extant.</strong></span> <span class='ocrx_word' id='word_1_80' title='bbox 1125 1175 1241 1243; x_wconf 83' lang='lat' dir='ltr'><strong>Gertas</strong></span> <span class='ocrx_word' id='word_1_81' title='bbox 1321 1227 1323 1235; x_wconf 71' lang='grc'><strong>.</strong></span> <span class='ocrx_word' id='word_1_82' title='bbox 1433 1231 1434 1238; x_wconf 74' lang='grc'><strong>,</strong></span> 
     </span>
    </p>
   </div>
   <div class='ocr_carea' id='block_1_4' title="bbox 7 1273 1320 4003">
    <p class='ocr_par' dir='ltr' id='par_1_5' title="bbox 7 1273 1320 2382">
     <span class='ocr_line' id='line_1_11' title="bbox 61 1273 1320 1366; baseline -0.001 -22"><span class='ocrx_word' id='word_1_83' title='bbox 61 1281 144 1344; x_wconf 85' lang='lat' dir='ltr'><strong>anim</strong></span> <span class='ocrx_word' id='word_1_84' title='bbox 166 1277 273 1362; x_wconf 87' lang='lat' dir='ltr'><strong>leges,</strong></span> <span class='ocrx_word' id='word_1_85' title='bbox 303 1297 384 1360; x_wconf 88' lang='lat' dir='ltr'><strong>quas</strong></span> <span class='ocrx_word' id='word_1_86' title='bbox 413 1281 541 1341; x_wconf 88' lang='lat' dir='ltr'><strong>secutus</strong></span> <span class='ocrx_word' id='word_1_87' title='bbox 571 1279 684 1340; x_wconf 82' lang='lat' dir='ltr'><strong>auctor</strong></span> <span class='ocrx_word' id='word_1_88' title='bbox 711 1293 781 1338; x_wconf 89' lang='lat' dir='ltr'><strong>cum</strong></span> <span class='ocrx_word' id='word_1_89' title='bbox 809 1273 980 1358; x_wconf 90' lang='lat' dir='ltr'><strong>participio</strong></span> <span class='ocrx_word' id='word_1_90' title='bbox 1007 1278 1163 1343; x_wconf 86' lang='lat' dir='ltr'><strong>vocabula</strong></span> <span class='ocrx_word' id='word_1_91' title='bbox 1183 1274 1241 1366; x_wconf 89' lang='grc' dir='ltr'><strong>μή,</strong></span> <span class='ocrx_word' id='word_1_92' title='bbox 1317 1275 1320 1284; x_wconf 72' lang='grc'><em>’</em></span> 
     </span>
     <span class='ocr_line' id='line_1_12' title="bbox 59 1375 1240 1469; baseline -0.001 -23"><span class='ocrx_word' id='word_1_93' title='bbox 59 1380 153 1469; x_wconf 82' lang='grc' dir='ltr'><strong><em>μήτε,</em></strong></span> <span class='ocrx_word' id='word_1_94' title='bbox 174 1376 312 1468; x_wconf 81' lang='grc' dir='ltr'><strong><em>μηδεὶς,</em></strong></span> <span class='ocrx_word' id='word_1_95' title='bbox 325 1377 366 1444; x_wconf 89' lang='lat' dir='ltr'><strong>al.</strong></span> <span class='ocrx_word' id='word_1_96' title='bbox 390 1379 615 1461; x_wconf 87' lang='lat' dir='ltr'><strong>coniungeret,</strong></span> <span class='ocrx_word' id='word_1_97' title='bbox 644 1377 788 1460; x_wconf 87' lang='lat' dir='ltr'><strong>quamvis</strong></span> <span class='ocrx_word' id='word_1_98' title='bbox 812 1375 981 1460; x_wconf 87' lang='lat' dir='ltr'><strong>diligenter</strong></span> <span class='ocrx_word' id='word_1_99' title='bbox 995 1377 1240 1464; x_wconf 82' lang='lat' dir='ltr'><strong>investigarem,</strong></span> 
     </span>
     <span class='ocr_line' id='line_1_13' title="bbox 63 1477 1241 1566; baseline 0 -17"><span class='ocrx_word' id='word_1_100' title='bbox 63 1483 232 1566; x_wconf 85' lang='lat' dir='ltr'><strong>explorare</strong></span> <span class='ocrx_word' id='word_1_101' title='bbox 254 1483 318 1546; x_wconf 86' lang='lat' dir='ltr'><strong>nun</strong></span> <span class='ocrx_word' id='word_1_102' title='bbox 339 1480 439 1564; x_wconf 89' lang='lat' dir='ltr'><strong>potui.</strong></span> <span class='ocrx_word' id='word_1_103' title='bbox 484 1479 577 1558; x_wconf 81' lang='lat' dir='ltr'><strong>Quod</strong></span> <span class='ocrx_word' id='word_1_104' title='bbox 605 1500 700 1562; x_wconf 88' lang='lat' dir='ltr'><strong>quam</strong></span> <span class='ocrx_word' id='word_1_105' title='bbox 730 1477 772 1544; x_wconf 88' lang='lat' dir='ltr'><strong>sit</strong></span> <span class='ocrx_word' id='word_1_106' title='bbox 802 1499 911 1544; x_wconf 87' lang='lat' dir='ltr'><strong>verum</strong></span> <span class='ocrx_word' id='word_1_107' title='bbox 941 1500 982 1543; x_wconf 90' lang='lat' dir='ltr'><strong>ex</strong></span> <span class='ocrx_word' id='word_1_108' title='bbox 1010 1479 1059 1546; x_wconf 92' lang='lat' dir='ltr'><strong>his</strong></span> <span class='ocrx_word' id='word_1_109' title='bbox 1089 1483 1241 1566; x_wconf 87' lang='lat' dir='ltr'><strong>exemplis</strong></span> 
     </span>
     <span class='ocr_line' id='line_1_14' title="bbox 64 1571 1243 1670; baseline 0.001 -20"><span class='ocrx_word' id='word_1_110' title='bbox 64 1587 139 1650; x_wconf 89' lang='lat' dir='ltr'><strong>licet</strong></span> <span class='ocrx_word' id='word_1_111' title='bbox 167 1583 345 1666; x_wconf 85' lang='lat' dir='ltr'><strong>intelligas:</strong></span> <span class='ocrx_word' id='word_1_112' title='bbox 376 1603 445 1667; x_wconf 85' lang='lat' dir='ltr'><strong>cap.</strong></span> <span class='ocrx_word' id='word_1_113' title='bbox 477 1589 506 1648; x_wconf 89' lang='lat'><strong>6.</strong></span> <span class='ocrx_word' id='word_1_114' title='bbox 537 1580 622 1670; x_wconf 79' lang='grc' dir='ltr'><strong><em>μηδὲ</em></strong></span> <span class='ocrx_word' id='word_1_115' title='bbox 651 1571 730 1646; x_wconf 69' lang='grc' dir='ltr'><strong><em>ὄντα</em></strong></span> <span class='ocrx_word' id='word_1_116' title='bbox 762 1587 809 1645; x_wconf 93' lang='grc'><strong>11.</strong></span> <span class='ocrx_word' id='word_1_117' title='bbox 839 1577 886 1659; x_wconf 85' lang='grc' dir='ltr'><strong>εἰς</strong></span> <span class='ocrx_word' id='word_1_118' title='bbox 911 1575 1078 1670; x_wconf 76' lang='grc' dir='ltr'><strong><em>μηδεμίαν</em></strong></span> <span class='ocrx_word' id='word_1_119' title='bbox 1105 1588 1243 1670; x_wconf 75' lang='grc' dir='ltr'><strong><em>γυναῖκα</em></strong></span> 
     </span>
     <span class='ocr_line' id='line_1_15' title="bbox 64 1678 1244 1774; baseline 0 -20"><span class='ocrx_word' id='word_1_120' title='bbox 64 1681 263 1754; x_wconf 77' lang='grc' dir='ltr'><strong><em>ἐκτείναντα.</em></strong></span> <span class='ocrx_word' id='word_1_121' title='bbox 303 1692 351 1752; x_wconf 92' lang='grc'><strong>18.</strong></span> <span class='ocrx_word' id='word_1_122' title='bbox 386 1681 470 1774; x_wconf 81' lang='grc' dir='ltr'><strong><em>μήτε</em></strong></span> <span class='ocrx_word' id='word_1_123' title='bbox 497 1685 613 1773; x_wconf 81' lang='grc' dir='ltr'><strong><em>μηρῶν</em></strong></span> <span class='ocrx_word' id='word_1_124' title='bbox 642 1678 843 1772; x_wconf 77' lang='grc' dir='ltr'><strong><em>φεισάμενος</em></strong></span> <span class='ocrx_word' id='word_1_125' title='bbox 874 1680 958 1770; x_wconf 80' lang='grc' dir='ltr'><strong><em>μήτε</em></strong></span> <span class='ocrx_word' id='word_1_126' title='bbox 985 1721 1026 1732; x_wconf 93' lang='lat'><strong>-·-</strong></span> <span class='ocrx_word' id='word_1_127' title='bbox 1057 1690 1113 1769; x_wconf 71' lang='lat'><strong>155</strong></span> <span class='ocrx_word' id='word_1_128' title='bbox 1138 1685 1244 1774; x_wconf 77' lang='grc' dir='ltr'><strong><em>μηδὲν</em></strong></span> 
     </span>
     <span class='ocr_line' id='line_1_16' title="bbox 62 1781 1244 1877; baseline 0.001 -24"><span class='ocrx_word' id='word_1_129' title='bbox 62 1785 168 1855; x_wconf 83' lang='grc' dir='ltr'><strong><em>κακὸν</em></strong></span> <span class='ocrx_word' id='word_1_130' title='bbox 181 1783 391 1877; x_wconf 84' lang='grc' dir='ltr'><strong><em>πεποιηκότι.</em></strong></span> <span class='ocrx_word' id='word_1_131' title='bbox 415 1793 465 1854; x_wconf 84' lang='grc'><strong>26.</strong></span> <span class='ocrx_word' id='word_1_132' title='bbox 480 1784 566 1872; x_wconf 77' lang='grc' dir='ltr'><strong><em>μηδὲ</em></strong></span> <span class='ocrx_word' id='word_1_133' title='bbox 581 1781 696 1875; x_wconf 81' lang='grc' dir='ltr'><strong><em>νεκρὸς</em></strong></span> <span class='ocrx_word' id='word_1_134' title='bbox 710 1783 979 1868; x_wconf 71' lang='grc' dir='ltr'><strong>κεισόμενος.“31.</strong></span> <span class='ocrx_word' id='word_1_135' title='bbox 997 1785 1085 1876; x_wconf 81' lang='grc' dir='ltr'><strong><em>μηδέ</em></strong></span> <span class='ocrx_word' id='word_1_136' title='bbox 1098 1785 1244 1868; x_wconf 77' lang='grc' dir='ltr'><strong><em>ἐλπίζων</em></strong></span> 
     </span>
     <span class='ocr_line' id='line_1_17' title="bbox 61 1879 1243 1978; baseline -0.001 -21"><span class='ocrx_word' id='word_1_137' title='bbox 61 1897 113 1958; x_wconf 83' lang='grc'><strong>42.</strong></span> <span class='ocrx_word' id='word_1_138' title='bbox 141 1889 227 1978; x_wconf 77' lang='grc' dir='ltr'><strong><em>μηδὲ</em></strong></span> <span class='ocrx_word' id='word_1_139' title='bbox 258 1885 533 1978; x_wconf 80' lang='grc' dir='ltr'><strong><em>προςόοκήσαντα</em></strong></span> <span class='ocrx_word' id='word_1_140' title='bbox 565 1895 614 1954; x_wconf 86' lang='grc'><strong>47.</strong></span> <span class='ocrx_word' id='word_1_141' title='bbox 644 1885 749 1974; x_wconf 80' lang='grc' dir='ltr'><strong><em>μηδὲν</em></strong></span> <span class='ocrx_word' id='word_1_142' title='bbox 777 1880 883 1964; x_wconf 76' lang='grc' dir='ltr'><strong>εἰδώς.</strong></span> <span class='ocrx_word' id='word_1_143' title='bbox 916 1893 965 1954; x_wconf 85' lang='grc'><strong>54.</strong></span> <span class='ocrx_word' id='word_1_144' title='bbox 994 1885 1100 1977; x_wconf 81' lang='grc' dir='ltr'><strong><em>μηδὲν</em></strong></span> <span class='ocrx_word' id='word_1_145' title='bbox 1131 1879 1243 1970; x_wconf 80' lang='grc' dir='ltr'><strong><em>ὀκνῶν,</em></strong></span> 
     </span>
     <span class='ocr_line' id='line_1_18' title="bbox 62 1985 1280 2081; baseline -0.001 -24"><span class='ocrx_word' id='word_1_146' title='bbox 62 1991 233 2081; x_wconf 81' lang='grc' dir='ltr'><strong><em>μηδέποτε</em></strong></span> <span class='ocrx_word' id='word_1_147' title='bbox 255 1985 484 2080; x_wconf 76' lang='grc' dir='ltr'><strong><em>ἐλπισθιίσης.</em></strong></span> <span class='ocrx_word' id='word_1_148' title='bbox 531 1991 594 2057; x_wconf 83' lang='lat' dir='ltr'><strong>Sed</strong></span> <span class='ocrx_word' id='word_1_149' title='bbox 616 2011 657 2054; x_wconf 91' lang='lat' dir='ltr'><strong>nc</strong></span> <span class='ocrx_word' id='word_1_150' title='bbox 679 1987 765 2055; x_wconf 85' lang='lat' dir='ltr'><strong>forte</strong></span> <span class='ocrx_word' id='word_1_151' title='bbox 789 1989 902 2056; x_wconf 86' lang='lat' dir='ltr'><strong>credas</strong></span> <span class='ocrx_word' id='word_1_152' title='bbox 926 1991 1102 2057; x_wconf 88' lang='lat' dir='ltr'><strong>Lucianum</strong></span> <span class='ocrx_word' id='word_1_153' title='bbox 1124 1991 1241 2074; x_wconf 89' lang='lat' dir='ltr'><strong>ubique</strong></span> <span class='ocrx_word' id='word_1_154' title='bbox 1278 2013 1280 2016; x_wconf 86' lang='lat'>·</span> 
     </span>
     <span class='ocr_line' id='line_1_19' title="bbox 7 2091 1244 2181; baseline 0.001 -22"><span class='ocrx_word' id='word_1_155' title='bbox 7 2129 13 2140; x_wconf 94' lang='lat'>·</span> <span class='ocrx_word' id='word_1_156' title='bbox 61 2093 233 2178; x_wconf 88' lang='lat' dir='ltr'><strong>participio</strong></span> <span class='ocrx_word' id='word_1_157' title='bbox 277 2095 481 2177; x_wconf 89' lang='lat' dir='ltr'><strong>negationem</strong></span> <span class='ocrx_word' id='word_1_158' title='bbox 518 2092 564 2181; x_wconf 86' lang='grc' dir='ltr'><strong>μή</strong></span> <span class='ocrx_word' id='word_1_159' title='bbox 598 2091 775 2170; x_wconf 86' lang='lat' dir='ltr'><strong>addidisse,</strong></span> <span class='ocrx_word' id='word_1_160' title='bbox 807 2091 918 2158; x_wconf 85' lang='lat' dir='ltr'><strong>videas</strong></span> <span class='ocrx_word' id='word_1_161' title='bbox 951 2091 1038 2160; x_wconf 87' lang='lat' dir='ltr'><strong>locos</strong></span> <span class='ocrx_word' id='word_1_162' title='bbox 1067 2094 1162 2159; x_wconf 85' lang='lat' dir='ltr'><strong>-haud</strong></span> <span class='ocrx_word' id='word_1_163' title='bbox 1196 2096 1244 2160; x_wconf 87' lang='lat' dir='ltr'><strong>ita</strong></span> 
     </span>
     <span class='ocr_line' id='line_1_20' title="bbox 63 2185 1242 2280; baseline -0.001 -19"><span class='ocrx_word' id='word_1_164' title='bbox 63 2216 194 2280; x_wconf 88' lang='lat' dir='ltr'><strong>paucos,</strong></span> <span class='ocrx_word' id='word_1_165' title='bbox 216 2193 271 2259; x_wconf 93' lang='lat' dir='ltr'><strong>ubi</strong></span> <span class='ocrx_word' id='word_1_166' title='bbox 293 2186 332 2260; x_wconf 78' lang='grc' dir='ltr'><strong>οὐ</strong></span> <span class='ocrx_word' id='word_1_167' title='bbox 353 2195 405 2261; x_wconf 85' lang='lat' dir='ltr'><strong>vel</strong></span> <span class='ocrx_word' id='word_1_168' title='bbox 427 2185 504 2260; x_wconf 72' lang='grc' dir='ltr'><strong><em>οὕτε</em></strong></span> <span class='ocrx_word' id='word_1_169' title='bbox 527 2195 577 2261; x_wconf 86' lang='lat' dir='ltr'><strong>vcl</strong></span> <span class='ocrx_word' id='word_1_170' title='bbox 593 2187 691 2262; x_wconf 77' lang='grc' dir='ltr'><strong><em>οὐδὲν</em></strong></span> <span class='ocrx_word' id='word_1_171' title='bbox 712 2194 862 2278; x_wconf 89' lang='lat' dir='ltr'><strong>legimus:</strong></span> <span class='ocrx_word' id='word_1_172' title='bbox 887 2199 916 2259; x_wconf 84' lang='grc'><strong>6.</strong></span> <span class='ocrx_word' id='word_1_173' title='bbox 939 2186 1037 2260; x_wconf 79' lang='grc' dir='ltr'><strong><em>οὐδὲν</em></strong></span> <span class='ocrx_word' id='word_1_174' title='bbox 1053 2187 1242 2275; x_wconf 77' lang='grc' dir='ltr'><strong><em>ἀδικοῦντα,</em></strong></span> 
     </span>
     <span class='ocr_line' id='line_1_21' title="bbox 37 2285 1035 2382; baseline -0.003 -17"><span class='ocrx_word' id='word_1_175' title='bbox 37 2313 39 2318; x_wconf 86' lang='grc'><strong>’</strong></span> <span class='ocrx_word' id='word_1_176' title='bbox 64 2297 183 2365; x_wconf 91' lang='lat' dir='ltr'><strong>similia</strong></span> <span class='ocrx_word' id='word_1_177' title='bbox 204 2296 345 2362; x_wconf 86' lang='lat' dir='ltr'><strong>invenies</strong></span> <span class='ocrx_word' id='word_1_178' title='bbox 366 2299 399 2362; x_wconf 91' lang='lat' dir='ltr'><strong>in</strong></span> <span class='ocrx_word' id='word_1_179' title='bbox 422 2319 512 2382; x_wconf 91' lang='lat' dir='ltr'><strong>capp.</strong></span> <span class='ocrx_word' id='word_1_180' title='bbox 535 2301 586 2378; x_wconf 88' lang='lat'><strong>26,</strong></span> <span class='ocrx_word' id='word_1_181' title='bbox 610 2303 660 2376; x_wconf 84' lang='grc'><strong>27,</strong></span> <span class='ocrx_word' id='word_1_182' title='bbox 685 2303 735 2378; x_wconf 87' lang='grc'><strong>31,</strong></span> <span class='ocrx_word' id='word_1_183' title='bbox 760 2301 810 2370; x_wconf 82' lang='grc'><strong>33,</strong></span> <span class='ocrx_word' id='word_1_184' title='bbox 836 2285 885 2377; x_wconf 82' lang='grc'><strong>38,</strong></span> <span class='ocrx_word' id='word_1_185' title='bbox 909 2301 959 2377; x_wconf 81' lang='grc'><strong>42,</strong></span> <span class='ocrx_word' id='word_1_186' title='bbox 984 2301 1035 2362; x_wconf 86' lang='grc'><strong>50.</strong></span> 
     </span>
    </p>

    <p class='ocr_par' dir='ltr' id='par_1_6' title="bbox 63 2397 1244 2692">
     <span class='ocr_line' id='line_1_22' title="bbox 151 2397 1243 2484; baseline 0 -18"><span class='ocrx_word' id='word_1_187' title='bbox 151 2401 184 2484; x_wconf 84' lang='grc'><strong>3)</strong></span> <span class='ocrx_word' id='word_1_188' title='bbox 207 2399 286 2464; x_wconf 91' lang='lat' dir='ltr'><strong>Tum</strong></span> <span class='ocrx_word' id='word_1_189' title='bbox 310 2400 451 2464; x_wconf 85' lang='lat' dir='ltr'><strong>umultis</strong></span> <span class='ocrx_word' id='word_1_190' title='bbox 468 2405 518 2465; x_wconf 86' lang='lat' dir='ltr'><strong>est</strong></span> <span class='ocrx_word' id='word_1_191' title='bbox 538 2399 748 2481; x_wconf 83' lang='lat' dir='ltr'><strong>observatum,</strong></span> <span class='ocrx_word' id='word_1_192' title='bbox 770 2401 947 2466; x_wconf 78' lang='lat' dir='ltr'><strong>Lucienum</strong></span> <span class='ocrx_word' id='word_1_193' title='bbox 961 2397 1122 2465; x_wconf 87' lang='lat' dir='ltr'><strong>interdum</strong></span> <span class='ocrx_word' id='word_1_194' title='bbox 1136 2399 1243 2466; x_wconf 92' lang='lat' dir='ltr'><strong>medio</strong></span> 
     </span>
     <span class='ocr_line' id='line_1_23' title="bbox 64 2494 1244 2587; baseline -0.002 -17"><span class='ocrx_word' id='word_1_195' title='bbox 64 2494 159 2570; x_wconf 82' lang='lat' dir='ltr'><strong>verbo</strong></span> <span class='ocrx_word' id='word_1_196' title='bbox 187 2523 279 2567; x_wconf 89' lang='lat' dir='ltr'><strong>usum</strong></span> <span class='ocrx_word' id='word_1_197' title='bbox 310 2523 380 2567; x_wconf 89' lang='lat' dir='ltr'><strong>esse</strong></span> <span class='ocrx_word' id='word_1_198' title='bbox 409 2523 468 2584; x_wconf 90' lang='lat' dir='ltr'><strong>pro</strong></span> <span class='ocrx_word' id='word_1_199' title='bbox 491 2502 614 2584; x_wconf 86' lang='lat' dir='ltr'><strong>agenti,</strong></span> <span class='ocrx_word' id='word_1_200' title='bbox 648 2503 734 2587; x_wconf 89' lang='lat' dir='ltr'><strong>quod</strong></span> <span class='ocrx_word' id='word_1_201' title='bbox 763 2509 886 2570; x_wconf 84' lang='lat' dir='ltr'><strong>veteres</strong></span> <span class='ocrx_word' id='word_1_202' title='bbox 918 2520 1074 2586; x_wconf 86' lang='lat' dir='ltr'><strong>usurpare</strong></span> <span class='ocrx_word' id='word_1_203' title='bbox 1103 2502 1244 2568; x_wconf 85' lang='lat' dir='ltr'><strong>solerent</strong></span> 
     </span>
     <span class='ocr_line' id='line_1_24' title="bbox 63 2603 1048 2692; baseline -0.004 -20"><span class='ocrx_word' id='word_1_204' title='bbox 63 2605 224 2692; x_wconf 85' lang='lat' dir='ltr'><strong>(Guttent.</strong></span> <span class='ocrx_word' id='word_1_205' title='bbox 246 2626 279 2688; x_wconf 91' lang='lat' dir='ltr'><strong>p.</strong></span> <span class='ocrx_word' id='word_1_206' title='bbox 301 2605 367 2686; x_wconf 82' lang='lat'><strong>42).</strong></span> <span class='ocrx_word' id='word_1_207' title='bbox 411 2603 449 2668; x_wconf 94' lang='lat' dir='ltr'><strong>In</strong></span> <span class='ocrx_word' id='word_1_208' title='bbox 471 2605 560 2670; x_wconf 88' lang='lat' dir='ltr'><strong>asino</strong></span> <span class='ocrx_word' id='word_1_209' title='bbox 582 2603 616 2668; x_wconf 94' lang='lat' dir='ltr'><strong>hi</strong></span> <span class='ocrx_word' id='word_1_210' title='bbox 638 2605 701 2672; x_wconf 89' lang='lat' dir='ltr'><strong>loci</strong></span> <span class='ocrx_word' id='word_1_211' title='bbox 723 2605 801 2670; x_wconf 92' lang='lat' dir='ltr'><strong>mihi</strong></span> <span class='ocrx_word' id='word_1_212' title='bbox 823 2610 1048 2670; x_wconf 90' lang='lat' dir='ltr'><strong>occurrerunt:</strong></span> 
     </span>
    </p>

    <p class='ocr_par' dir='ltr' id='par_1_7' title="bbox 63 2695 1270 3406">
     <span class='ocr_line' id='line_1_25' title="bbox 150 2695 1246 2798; baseline 0.004 -26"><span class='ocrx_word' id='word_1_213' title='bbox 150 2727 220 2790; x_wconf 89' lang='lat' dir='ltr'><strong>cap.</strong></span> <span class='ocrx_word' id='word_1_214' title='bbox 243 2711 272 2770; x_wconf 83' lang='lat'><strong>4.</strong></span> <span class='ocrx_word' id='word_1_215' title='bbox 296 2695 535 2795; x_wconf 81' lang='grc' dir='ltr'><strong><em>εὖπορονμένη,</em></strong></span> <span class='ocrx_word' id='word_1_216' title='bbox 558 2706 660 2798; x_wconf 77' lang='lat' dir='ltr'><strong>dives;</strong></span> <span class='ocrx_word' id='word_1_217' title='bbox 691 2707 745 2793; x_wconf 90' lang='lat' dir='ltr'><strong>(cf.</strong></span> <span class='ocrx_word' id='word_1_218' title='bbox 768 2706 816 2773; x_wconf 92' lang='lat' dir='ltr'><strong>bis</strong></span> <span class='ocrx_word' id='word_1_219' title='bbox 840 2727 945 2774; x_wconf 88' lang='lat' dir='ltr'><strong>accus.</strong></span> <span class='ocrx_word' id='word_1_220' title='bbox 971 2714 1021 2773; x_wconf 85' lang='grc'><strong>27.</strong></span> <span class='ocrx_word' id='word_1_221' title='bbox 1046 2729 1070 2774; x_wconf 91' lang='lat' dir='ltr'><strong>a.</strong></span> <span class='ocrx_word' id='word_1_222' title='bbox 1093 2707 1114 2772; x_wconf 96' lang='grc'><strong>1.</strong></span> <span class='ocrx_word' id='word_1_223' title='bbox 1146 2702 1246 2776; x_wconf 78' lang='grc' dir='ltr'><strong><em>εὔπο-</em></strong></span> 
     </span>
     <span class='ocr_line' id='line_1_26' title="bbox 63 2809 1269 2900; baseline -0.002 -22"><span class='ocrx_word' id='word_1_224' title='bbox 63 2813 207 2900; x_wconf 74' lang='grc' dir='ltr'><strong>ρεῖθαι).</strong></span> <span class='ocrx_word' id='word_1_225' title='bbox 248 2809 361 2891; x_wconf 84' lang='lat' dir='ltr'><strong>Neque</strong></span> <span class='ocrx_word' id='word_1_226' title='bbox 387 2815 497 2874; x_wconf 88' lang='lat' dir='ltr'><strong>tamen</strong></span> <span class='ocrx_word' id='word_1_227' title='bbox 525 2833 545 2874; x_wconf 87' lang='lat' dir='ltr'><strong>a</strong></span> <span class='ocrx_word' id='word_1_228' title='bbox 567 2809 708 2876; x_wconf 88' lang='lat' dir='ltr'><strong>Luciano</strong></span> <span class='ocrx_word' id='word_1_229' title='bbox 736 2818 773 2875; x_wconf 90' lang='lat' dir='ltr'><strong>ut</strong></span> <span class='ocrx_word' id='word_1_230' title='bbox 802 2811 875 2876; x_wconf 85' lang='lat' dir='ltr'><strong>novi</strong></span> <span class='ocrx_word' id='word_1_231' title='bbox 897 2809 1020 2894; x_wconf 86' lang='lat' dir='ltr'><strong>aliquid</strong></span> <span class='ocrx_word' id='word_1_232' title='bbox 1049 2817 1082 2876; x_wconf 89' lang='lat' dir='ltr'><strong>et</strong></span> <span class='ocrx_word' id='word_1_233' title='bbox 1111 2811 1269 2876; x_wconf 73' lang='lat' dir='ltr'><strong>inauditi·</strong></span> 
     </span>
     <span class='ocr_line' id='line_1_27' title="bbox 63 2911 1245 2998; baseline 0 -20"><span class='ocrx_word' id='word_1_234' title='bbox 63 2915 148 2980; x_wconf 89' lang='lat' dir='ltr'><strong>hanc</strong></span> <span class='ocrx_word' id='word_1_235' title='bbox 166 2911 304 2978; x_wconf 85' lang='lat' dir='ltr'><strong>formam</strong></span> <span class='ocrx_word' id='word_1_236' title='bbox 325 2915 517 2995; x_wconf 87' lang='lat' dir='ltr'><strong>usurpatam</strong></span> <span class='ocrx_word' id='word_1_237' title='bbox 540 2932 611 2978; x_wconf 87' lang='lat' dir='ltr'><strong>esse</strong></span> <span class='ocrx_word' id='word_1_238' title='bbox 634 2914 770 2998; x_wconf 85' lang='lat' dir='ltr'><strong>putabis,</strong></span> <span class='ocrx_word' id='word_1_239' title='bbox 792 2911 820 2977; x_wconf 88' lang='lat' dir='ltr'><strong>si</strong></span> <span class='ocrx_word' id='word_1_240' title='bbox 835 2933 1019 2997; x_wconf 87' lang='lat' dir='ltr'><strong>cognosces,</strong></span> <span class='ocrx_word' id='word_1_241' title='bbox 1043 2914 1141 2978; x_wconf 89' lang='lat' dir='ltr'><strong>etiam</strong></span> <span class='ocrx_word' id='word_1_242' title='bbox 1167 2914 1245 2988; x_wconf 84' lang='lat' dir='ltr'><strong>scri-¹</strong></span> 
     </span>
     <span class='ocr_line' id='line_1_28' title="bbox 63 3013 1246 3099; baseline 0.001 -20"><span class='ocrx_word' id='word_1_243' title='bbox 63 3021 176 3099; x_wconf 88' lang='lat' dir='ltr'><strong>ptores</strong></span> <span class='ocrx_word' id='word_1_244' title='bbox 199 3017 307 3090; x_wconf 85' lang='lat' dir='ltr'><strong>aetate</strong></span> <span class='ocrx_word' id='word_1_245' title='bbox 329 3014 511 3098; x_wconf 89' lang='lat' dir='ltr'><strong>superiores</strong></span> <span class='ocrx_word' id='word_1_246' title='bbox 532 3013 593 3080; x_wconf 93' lang='lat' dir='ltr'><strong>hoc</strong></span> <span class='ocrx_word' id='word_1_247' title='bbox 612 3015 716 3082; x_wconf 89' lang='lat' dir='ltr'><strong>medio</strong></span> <span class='ocrx_word' id='word_1_248' title='bbox 739 3015 836 3081; x_wconf 83' lang='lat' dir='ltr'><strong>verbo</strong></span> <span class='ocrx_word' id='word_1_249' title='bbox 859 3035 934 3082; x_wconf 89' lang='lat' dir='ltr'><strong>usos</strong></span> <span class='ocrx_word' id='word_1_250' title='bbox 957 3036 1038 3082; x_wconf 86' lang='lat' dir='ltr'><strong>esse.</strong></span> <span class='ocrx_word' id='word_1_251' title='bbox 1084 3013 1246 3080; x_wconf 88' lang='lat' dir='ltr'><strong>Habemus</strong></span> 
     </span>
     <span class='ocr_line' id='line_1_29' title="bbox 66 3108 1270 3204; baseline 0 -22"><span class='ocrx_word' id='word_1_252' title='bbox 66 3117 148 3182; x_wconf 90' lang='lat' dir='ltr'><strong>enim</strong></span> <span class='ocrx_word' id='word_1_253' title='bbox 189 3115 223 3180; x_wconf 90' lang='lat' dir='ltr'><strong>in</strong></span> <span class='ocrx_word' id='word_1_254' title='bbox 260 3114 456 3200; x_wconf 87' lang='lat' dir='ltr'><strong>Theopompi</strong></span> <span class='ocrx_word' id='word_1_255' title='bbox 490 3116 560 3183; x_wconf 93' lang='lat' dir='ltr'><strong>loco</strong></span> <span class='ocrx_word' id='word_1_256' title='bbox 574 3119 603 3204; x_wconf 90' lang='lat'><strong>¹)</strong></span> <span class='ocrx_word' id='word_1_257' title='bbox 638 3117 704 3185; x_wconf 81' lang='grc' dir='ltr'><strong>τῶν</strong></span> <span class='ocrx_word' id='word_1_258' title='bbox 729 3111 877 3204; x_wconf 78' lang='grc' dir='ltr'><strong><em>’μετρίως</em></strong></span> <span class='ocrx_word' id='word_1_259' title='bbox 909 3108 1178 3204; x_wconf 80' lang='grc' dir='ltr'><strong><em>εὐπορουμένων,</em></strong></span> <span class='ocrx_word' id='word_1_260' title='bbox 1213 3117 1246 3182; x_wconf 92' lang='lat' dir='ltr'><strong>in</strong></span> <span class='ocrx_word' id='word_1_261' title='bbox 1260 3178 1270 3200; x_wconf 27' lang='grc' dir='ltr'><strong>,Ι</strong></span> 
     </span>
     <span class='ocr_line' id='line_1_30' title="bbox 66 3217 1246 3310; baseline 0.001 -27"><span class='ocrx_word' id='word_1_262' title='bbox 66 3217 199 3304; x_wconf 67' lang='lat' dir='ltr'><strong>Polybo,</strong></span> <span class='ocrx_word' id='word_1_263' title='bbox 221 3217 255 3282; x_wconf 94' lang='lat' dir='ltr'><strong>in</strong></span> <span class='ocrx_word' id='word_1_264' title='bbox 276 3218 482 3302; x_wconf 84' lang='lat' dir='ltr'><strong>inscriptione</strong></span> <span class='ocrx_word' id='word_1_265' title='bbox 507 3219 690 3306; x_wconf 88' lang='lat' dir='ltr'><strong>Olbiopolit.</strong></span> <span class='ocrx_word' id='word_1_266' title='bbox 703 3221 742 3304; x_wconf 78' lang='lat'><strong>²),</strong></span> <span class='ocrx_word' id='word_1_267' title='bbox 766 3240 847 3303; x_wconf 89' lang='lat' dir='ltr'><strong>quac</strong></span> <span class='ocrx_word' id='word_1_268' title='bbox 871 3239 927 3283; x_wconf 92' lang='lat' dir='ltr'><strong>cur</strong></span> <span class='ocrx_word' id='word_1_269' title='bbox 950 3217 991 3283; x_wconf 85' lang='lat' dir='ltr'><strong>ad</strong></span> <span class='ocrx_word' id='word_1_270' title='bbox 1013 3217 1246 3310; x_wconf 84' lang='lat' dir='ltr'><strong>Imperatorum</strong></span> 
     </span>
     <span class='ocr_line' id='line_1_31' title="bbox 64 3315 840 3406; baseline 0.003 -20"><span class='ocrx_word' id='word_1_271' title='bbox 64 3315 213 3406; x_wconf 84' lang='lat' dir='ltr'><strong>tempora</strong></span> <span class='ocrx_word' id='word_1_272' title='bbox 231 3319 423 3386; x_wconf 88' lang='lat' dir='ltr'><strong>detrudatur</strong></span> <span class='ocrx_word' id='word_1_273' title='bbox 445 3341 508 3386; x_wconf 93' lang='lat' dir='ltr'><strong>non</strong></span> <span class='ocrx_word' id='word_1_274' title='bbox 529 3323 616 3390; x_wconf 87' lang='lat' dir='ltr'><strong>videt</strong></span> <span class='ocrx_word' id='word_1_275' title='bbox 637 3322 775 3388; x_wconf 89' lang='lat' dir='ltr'><strong>Boeckh.</strong></span> <span class='ocrx_word' id='word_1_276' title='bbox 801 3361 840 3370; x_wconf 90' lang='grc'>-</span> 
     </span>
    </p>

    <p class='ocr_par' dir='ltr' id='par_1_8' title="bbox 66 3420 1246 3924">
     <span class='ocr_line' id='line_1_32' title="bbox 152 3420 1246 3508; baseline -0.003 -19"><span class='ocrx_word' id='word_1_277' title='bbox 152 3423 231 3489; x_wconf 86' lang='lat' dir='ltr'><strong>asin.</strong></span> <span class='ocrx_word' id='word_1_278' title='bbox 263 3443 331 3508; x_wconf 87' lang='lat' dir='ltr'><strong>cap.</strong></span> <span class='ocrx_word' id='word_1_279' title='bbox 353 3429 402 3488; x_wconf 81' lang='lat'><strong>25.</strong></span> <span class='ocrx_word' id='word_1_280' title='bbox 437 3420 699 3504; x_wconf 79' lang='grc' dir='ltr'><strong><em>διασπάσονται,</em></strong></span> <span class='ocrx_word' id='word_1_281' title='bbox 726 3425 796 3491; x_wconf 91' lang='lat' dir='ltr'><strong>Hoc</strong></span> <span class='ocrx_word' id='word_1_282' title='bbox 821 3423 891 3508; x_wconf 90' lang='lat' dir='ltr'><strong>ipso</strong></span> <span class='ocrx_word' id='word_1_283' title='bbox 922 3421 1018 3488; x_wconf 84' lang='lat' dir='ltr'><strong>verbo</strong></span> <span class='ocrx_word' id='word_1_284' title='bbox 1043 3421 1147 3488; x_wconf 88' lang='lat' dir='ltr'><strong>medio</strong></span> <span class='ocrx_word' id='word_1_285' title='bbox 1171 3421 1246 3488; x_wconf 83' lang='grc' dir='ltr'><strong><em>δια-</em></strong></span> 
     </span>
     <span class='ocr_line' id='line_1_33' title="bbox 66 3505 1247 3610; baseline -0.003 -18"><span class='ocrx_word' id='word_1_286' title='bbox 66 3527 227 3592; x_wconf 76' lang='grc' dir='ltr'><strong><em>σπᾶσθαι</em></strong></span> <span class='ocrx_word' id='word_1_287' title='bbox 242 3525 418 3592; x_wconf 87' lang='lat' dir='ltr'><strong>Lucianum</strong></span> <span class='ocrx_word' id='word_1_288' title='bbox 440 3505 702 3594; x_wconf 57' lang='lat' dir='ltr'><strong>sffi&#39;sffltfftt</strong></span> <span class='ocrx_word' id='word_1_289' title='bbox 673 3533 702 3594; x_wconf 88' lang='lat' dir='ltr'><strong>st</strong></span> <span class='ocrx_word' id='word_1_290' title='bbox 705 3549 738 3593; x_wconf 87' lang='lat' dir='ltr'><strong>es</strong></span> <span class='ocrx_word' id='word_1_291' title='bbox 763 3532 836 3592; x_wconf 87' lang='lat' dir='ltr'><strong>sunt</strong></span> <span class='ocrx_word' id='word_1_292' title='bbox 858 3526 919 3594; x_wconf 93' lang='lat' dir='ltr'><strong>loci</strong></span> <span class='ocrx_word' id='word_1_293' title='bbox 941 3523 1102 3610; x_wconf 90' lang='lat' dir='ltr'><strong>permulti.</strong></span> <span class='ocrx_word' id='word_1_294' title='bbox 1066 3523 1167 3590; x_wconf 88' lang='grc' dir='ltr'><strong>1ο1.</strong></span> <span class='ocrx_word' id='word_1_295' title='bbox 1190 3523 1247 3589; x_wconf 90' lang='lat' dir='ltr'><strong>ad-</strong></span> 
     </span>
     <span class='ocr_line' id='line_1_34' title="bbox 66 3622 1247 3721; baseline -0.002 -27"><span class='ocrx_word' id='word_1_296' title='bbox 66 3651 146 3695; x_wconf 83' lang='lat' dir='ltr'><strong>vers.</strong></span> <span class='ocrx_word' id='word_1_297' title='bbox 183 3627 248 3692; x_wconf 93' lang='lat' dir='ltr'><strong>ind.</strong></span> <span class='ocrx_word' id='word_1_298' title='bbox 282 3633 318 3692; x_wconf 96' lang='grc'><strong>17</strong></span> <span class='ocrx_word' id='word_1_299' title='bbox 357 3622 413 3696; x_wconf 82' lang='grc' dir='ltr'><strong>ὅτε</strong></span> <span class='ocrx_word' id='word_1_300' title='bbox 448 3626 507 3697; x_wconf 86' lang='grc' dir='ltr'><strong>τὸν</strong></span> <span class='ocrx_word' id='word_1_301' title='bbox 539 3627 635 3721; x_wconf 67' lang='lat' dir='ltr'><strong>Oppi</strong></span> <span class='ocrx_word' id='word_1_302' title='bbox 693 3627 928 3698; x_wconf 80' lang='grc' dir='ltr'><strong><em>διεσπάσαντο.</em></strong></span> <span class='ocrx_word' id='word_1_303' title='bbox 966 3627 1247 3714; x_wconf 59' lang='grc'><strong>8111188611-</strong></span> 
     </span>
     <span class='ocr_line' id='line_1_35' title="bbox 67 3722 1248 3820; baseline 0 -24"><span class='ocrx_word' id='word_1_304' title='bbox 67 3753 241 3798; x_wconf 85' lang='grc' dir='ltr'><strong><em>σπασαντο</em></strong></span> <span class='ocrx_word' id='word_1_305' title='bbox 260 3753 302 3795; x_wconf 91' lang='grc' dir='ltr'><strong>αν</strong></span> <span class='ocrx_word' id='word_1_306' title='bbox 317 3753 359 3796; x_wconf 88' lang='grc' dir='ltr'><strong>αι</strong></span> <span class='ocrx_word' id='word_1_307' title='bbox 360 3729 428 3798; x_wconf 90' lang='grc' dir='ltr'><strong>τον</strong></span> <span class='ocrx_word' id='word_1_308' title='bbox 446 3733 577 3798; x_wconf 88' lang='lat' dir='ltr'><strong>deorum</strong></span> <span class='ocrx_word' id='word_1_309' title='bbox 594 3731 625 3797; x_wconf 93' lang='lat' dir='ltr'><strong>di</strong></span> <span class='ocrx_word' id='word_1_310' title='bbox 647 3732 659 3796; x_wconf 96' lang='lat' dir='ltr'><strong>l</strong></span> <span class='ocrx_word' id='word_1_311' title='bbox 684 3722 1103 3820; x_wconf 73' lang='grc' dir='ltr'><strong>12,1.τούςκορύβαντάς</strong></span> <span class='ocrx_word' id='word_1_312' title='bbox 1125 3750 1162 3796; x_wconf 86' lang='grc' dir='ltr'><strong>σε</strong></span> <span class='ocrx_word' id='word_1_313' title='bbox 1174 3730 1248 3796; x_wconf 81' lang='grc' dir='ltr'><strong>δια</strong></span> 
     </span>
     <span class='ocr_line' id='line_1_36' title="bbox 67 3824 1247 4003; baseline -0.001 -104"><span class='ocrx_word' id='word_1_314' title='bbox 67 3824 278 3900; x_wconf 60' lang='lat' dir='ltr'><strong>cnducatur.</strong></span> <span class='ocrx_word' id='word_1_315' title='bbox 306 3839 352 3930; x_wconf 84' lang='lat'><strong>19,</strong></span> <span class='ocrx_word' id='word_1_316' title='bbox 379 3841 406 3900; x_wconf 92' lang='lat'><strong>1.</strong></span> <span class='ocrx_word' id='word_1_317' title='bbox 429 3827 555 3922; x_wconf 66' lang='lat' dir='ltr'><strong>padua</strong></span> <span class='ocrx_word' id='word_1_318' title='bbox 547 3831 612 3900; x_wconf 85' lang='grc' dir='ltr'><strong>δι</strong></span> <span class='ocrx_word' id='word_1_319' title='bbox 612 3831 845 4003; x_wconf 69' lang='grc' dir='ltr'><strong><em>σπασαμένη,</em></strong></span> <span class='ocrx_word' id='word_1_320' title='bbox 871 3831 1051 3916; x_wconf 87' lang='lat' dir='ltr'><strong>delapsu</strong></span> <span class='ocrx_word' id='word_1_321' title='bbox 1042 3836 1090 3896; x_wconf 81' lang='lat' dir='ltr'><strong>int</strong></span> <span class='ocrx_word' id='word_1_322' title='bbox 1077 3833 1172 3897; x_wconf 89' lang='lat' dir='ltr'><strong>tsal.</strong></span> <span class='ocrx_word' id='word_1_323' title='bbox 1199 3837 1247 3898; x_wconf 89' lang='grc'><strong>18.</strong></span> 
     </span>
    </p>
   </div>
   <div class='ocr_carea' id='block_1_5' title="bbox 0 0 1458 4698">
    <p class='ocr_par' dir='ltr' id='par_1_9' title="bbox 0 0 1458 4698">
     <span class='ocr_line' id='line_1_37' title="bbox 0 0 1458 4698; baseline 0 0"><span class='ocrx_word' id='word_1_324' title='bbox 0 0 1458 4698; x_wconf 95' lang='lat' dir='ltr'><strong> </strong></span> 
     </span>
    </p>
   </div>
  </div>
 </body>
</html>
