<?xml version="1.0" encoding="UTF-8"?>
<!DOCTYPE html PUBLIC "-//W3C//DTD XHTML 1.0 Transitional//EN"
    "http://www.w3.org/TR/xhtml1/DTD/xhtml1-transitional.dtd">
<html xmlns="http://www.w3.org/1999/xhtml" xml:lang="en" lang="en">
 <head>
  <title>
</title>
<meta http-equiv="Content-Type" content="text/html;charset=utf-8" />
  <meta name='ocr-system' content='tesseract 3.04.00' />
  <meta name='ocr-capabilities' content='ocr_page ocr_carea ocr_par ocr_line ocrx_word'/>
</head>
<body>
  <div class='ocr_page' id='page_1' title='image "./delucianolibell00knaugoog_0019.png"; bbox 0 0 2878 4698; ppageno 0'>
   <div class='ocr_carea' id='block_1_1' title="bbox 694 158 905 220">
    <p class='ocr_par' dir='ltr' id='par_1_1' title="bbox 694 158 905 220">
     <span class='ocr_line' id='line_1_1' title="bbox 694 158 905 220; baseline -0.009 -16"><span class='ocrx_word' id='word_1_1' title='bbox 694 158 905 220; x_wconf 73' lang='lat'><strong>...15-</strong></span> 
     </span>
    </p>
   </div>
   <div class='ocr_carea' id='block_1_2' title="bbox 130 321 1416 3085">
    <p class='ocr_par' dir='ltr' id='par_1_2' title="bbox 182 321 1396 906">
     <span class='ocr_line' id='line_1_2' title="bbox 209 321 1396 412; baseline -0.002 -18"><span class='ocrx_word' id='word_1_2' title='bbox 209 329 322 406; x_wconf 60' lang='lat' dir='ltr'><strong>,didas</strong></span> <span class='ocrx_word' id='word_1_3' title='bbox 337 332 410 409; x_wconf 72' lang='lat' dir='ltr'><strong>ab).</strong></span> <span class='ocrx_word' id='word_1_4' title='bbox 422 327 614 399; x_wconf 70' lang='lat' dir='ltr'><strong>obianum</strong></span> <span class='ocrx_word' id='word_1_5' title='bbox 636 323 773 392; x_wconf 79' lang='lat' dir='ltr'><strong>sciuris</strong></span> <span class='ocrx_word' id='word_1_6' title='bbox 795 323 1117 410; x_wconf 37' lang='lat' dir='ltr'><strong>essevperitistimum</strong></span> <span class='ocrx_word' id='word_1_7' title='bbox 1132 321 1283 394; x_wconf 84' lang='lat' dir='ltr'><strong>ostsbdit.</strong></span> <span class='ocrx_word' id='word_1_8' title='bbox 1326 323 1396 412; x_wconf 77' lang='lat' dir='ltr'><strong>ble-¹</strong></span> 
     </span>
     <span class='ocr_line' id='line_1_3' title="bbox 210 427 1370 514; baseline 0 -20"><span class='ocrx_word' id='word_1_9' title='bbox 210 450 270 514; x_wconf 87' lang='lat' dir='ltr'><strong>que</strong></span> <span class='ocrx_word' id='word_1_10' title='bbox 300 429 362 501; x_wconf 86' lang='lat' dir='ltr'><strong>boo</strong></span> <span class='ocrx_word' id='word_1_11' title='bbox 382 431 465 504; x_wconf 75' lang='lat' dir='ltr'><strong>loco,</strong></span> <span class='ocrx_word' id='word_1_12' title='bbox 484 430 646 512; x_wconf 84' lang='lat' dir='ltr'><strong>omiserim</strong></span> <span class='ocrx_word' id='word_1_13' title='bbox 679 439 945 508; x_wconf 81' lang='lat' dir='ltr'><strong>commemorare,</strong></span> <span class='ocrx_word' id='word_1_14' title='bbox 967 429 1098 514; x_wconf 85' lang='lat' dir='ltr'><strong>quantis</strong></span> <span class='ocrx_word' id='word_1_15' title='bbox 1127 427 1317 514; x_wconf 75' lang='lat' dir='ltr'>ambagibus</span> <span class='ocrx_word' id='word_1_16' title='bbox 1347 429 1370 514; x_wconf 94' lang='lat'><strong>(&#39;</strong></span> 
     </span>
     <span class='ocr_line' id='line_1_4' title="bbox 182 528 1392 619; baseline 0.002 -24"><span class='ocrx_word' id='word_1_17' title='bbox 182 610 185 618; x_wconf 69' lang='lat'><strong>,</strong></span> <span class='ocrx_word' id='word_1_18' title='bbox 210 528 346 598; x_wconf 86' lang='lat' dir='ltr'><strong>librisX</strong></span> <span class='ocrx_word' id='word_1_19' title='bbox 369 540 402 599; x_wconf 84' lang='lat' dir='ltr'><strong>et</strong></span> <span class='ocrx_word' id='word_1_20' title='bbox 423 531 484 619; x_wconf 83' lang='lat' dir='ltr'><strong>XI)</strong></span> <span class='ocrx_word' id='word_1_21' title='bbox 508 529 641 598; x_wconf 87' lang='lat' dir='ltr'><strong>Lu&#39;oium</strong></span> <span class='ocrx_word' id='word_1_22' title='bbox 659 531 754 598; x_wconf 92' lang='lat' dir='ltr'><strong>Isidis</strong></span> <span class='ocrx_word' id='word_1_23' title='bbox 775 529 928 604; x_wconf 87' lang='lat' dir='ltr'><strong>beneficio</strong></span> <span class='ocrx_word' id='word_1_24' title='bbox 950 533 984 598; x_wconf 88' lang='lat' dir='ltr'><strong>in</strong></span> <span class='ocrx_word' id='word_1_25' title='bbox 1005 530 1142 600; x_wconf 86' lang='lat' dir='ltr'><strong>bominis</strong></span> <span class='ocrx_word' id='word_1_26' title='bbox 1163 529 1298 598; x_wconf 78' lang='lat' dir='ltr'><strong>formam</strong></span> <span class='ocrx_word' id='word_1_27' title='bbox 1323 553 1392 598; x_wconf 90' lang='lat' dir='ltr'><strong>rur·</strong></span> 
     </span>
     <span class='ocr_line' id='line_1_5' title="bbox 209 633 1392 727; baseline -0.002 -27"><span class='ocrx_word' id='word_1_28' title='bbox 209 656 273 727; x_wconf 85' lang='lat' dir='ltr'><strong>sus¹</strong></span> <span class='ocrx_word' id='word_1_29' title='bbox 287 641 443 705; x_wconf 86' lang='lat' dir='ltr'><strong>mutatum</strong></span> <span class='ocrx_word' id='word_1_30' title='bbox 466 656 536 702; x_wconf 86' lang='lat' dir='ltr'><strong>esse</strong></span> <span class='ocrx_word' id='word_1_31' title='bbox 557 640 679 716; x_wconf 87' lang='lat' dir='ltr'><strong>narret,</strong></span> <span class='ocrx_word' id='word_1_32' title='bbox 703 639 736 700; x_wconf 91' lang='lat' dir='ltr'><strong>et</strong></span> <span class='ocrx_word' id='word_1_33' title='bbox 749 638 881 720; x_wconf 29' lang='lat' dir='ltr'><strong>,quanta</strong></span> <span class='ocrx_word' id='word_1_34' title='bbox 902 633 1070 720; x_wconf 74' lang='lat' dir='ltr'><strong>diligentia</strong></span> <span class='ocrx_word' id='word_1_35' title='bbox 1090 655 1154 701; x_wconf 89' lang='lat' dir='ltr'><strong>non</strong></span> <span class='ocrx_word' id='word_1_36' title='bbox 1175 633 1269 700; x_wconf 93' lang='lat' dir='ltr'><strong>modo</strong></span> <span class='ocrx_word' id='word_1_37' title='bbox 1285 655 1392 700; x_wconf 88' lang='lat' dir='ltr'><strong>sacer-</strong></span> 
     </span>
     <span class='ocr_line' id='line_1_6' title="bbox 209 734 1393 822; baseline 0 -18"><span class='ocrx_word' id='word_1_38' title='bbox 209 735 293 805; x_wconf 90' lang='lat' dir='ltr'><strong>dotis</strong></span> <span class='ocrx_word' id='word_1_39' title='bbox 321 739 418 808; x_wconf 82' lang='lat' dir='ltr'><strong>verba</strong></span> <span class='ocrx_word' id='word_1_40' title='bbox 446 737 501 807; x_wconf 86' lang='lat' dir='ltr'><strong>sed</strong></span> <span class='ocrx_word' id='word_1_41' title='bbox 534 738 633 806; x_wconf 87' lang='lat' dir='ltr'><strong>etiam</strong></span> <span class='ocrx_word' id='word_1_42' title='bbox 659 743 735 806; x_wconf 85' lang='lat' dir='ltr'><strong>vota</strong></span> <span class='ocrx_word' id='word_1_43' title='bbox 761 737 804 822; x_wconf 88' lang='lat' dir='ltr'><strong>ab</strong></span> <span class='ocrx_word' id='word_1_44' title='bbox 825 735 922 804; x_wconf 88' lang='lat' dir='ltr'><strong>asino</strong></span> <span class='ocrx_word' id='word_1_45' title='bbox 950 737 1030 804; x_wconf 91' lang='lat' dir='ltr'><strong>Isidi</strong></span> <span class='ocrx_word' id='word_1_46' title='bbox 1056 737 1144 804; x_wconf 85' lang='lat' dir='ltr'><strong>facta</strong></span> <span class='ocrx_word' id='word_1_47' title='bbox 1165 734 1282 804; x_wconf 86' lang='lat' dir='ltr'><strong>litteris</strong></span> <span class='ocrx_word' id='word_1_48' title='bbox 1305 759 1393 804; x_wconf 90' lang='lat' dir='ltr'><strong>man·</strong></span> 
     </span>
     <span class='ocr_line' id='line_1_7' title="bbox 210 838 345 906; baseline 0 -2"><span class='ocrx_word' id='word_1_49' title='bbox 210 838 345 906; x_wconf 88' lang='lat' dir='ltr'><strong>daverit.</strong></span> 
     </span>
    </p>

    <p class='ocr_par' dir='ltr' id='par_1_3' title="bbox 130 939 1416 3085">
     <span class='ocr_line' id='line_1_8' title="bbox 296 939 1392 1028; baseline -0.001 -19"><span class='ocrx_word' id='word_1_50' title='bbox 296 944 436 1010; x_wconf 84' lang='lat' dir='ltr'><strong>Tertium</strong></span> <span class='ocrx_word' id='word_1_51' title='bbox 467 943 601 1028; x_wconf 89' lang='lat' dir='ltr'><strong>denique</strong></span> <span class='ocrx_word' id='word_1_52' title='bbox 631 939 734 1028; x_wconf 78' lang='lat' dir='ltr'><strong>genus</strong></span> <span class='ocrx_word' id='word_1_53' title='bbox 759 948 826 1008; x_wconf 90' lang='lat' dir='ltr'><strong>tum</strong></span> <span class='ocrx_word' id='word_1_54' title='bbox 854 943 1059 1010; x_wconf 89' lang='lat' dir='ltr'><strong>statuendum</strong></span> <span class='ocrx_word' id='word_1_55' title='bbox 1079 941 1214 1024; x_wconf 74' lang='lat' dir='ltr'><strong>ridetur,</strong></span> <span class='ocrx_word' id='word_1_56' title='bbox 1235 941 1263 1008; x_wconf 92' lang='lat' dir='ltr'><strong>si</strong></span> <span class='ocrx_word' id='word_1_57' title='bbox 1287 944 1392 1028; x_wconf 83' lang='lat' dir='ltr'><strong>Appu-</strong></span> 
     </span>
     <span class='ocr_line' id='line_1_9' title="bbox 130 1044 1416 1137; baseline -0.003 -27"><span class='ocrx_word' id='word_1_58' title='bbox 130 1099 135 1110; x_wconf 93' lang='lat'><strong>.</strong></span> <span class='ocrx_word' id='word_1_59' title='bbox 209 1044 289 1112; x_wconf 88' lang='lat' dir='ltr'><strong>leius</strong></span> <span class='ocrx_word' id='word_1_60' title='bbox 312 1047 472 1132; x_wconf 74' lang='lat' dir='ltr'><strong>magisne</strong></span> <span class='ocrx_word' id='word_1_61' title='bbox 493 1046 620 1137; x_wconf 81' lang='lat' dir='ltr'><strong>ingenio</strong></span> <span class='ocrx_word' id='word_1_62' title='bbox 643 1065 700 1110; x_wconf 90' lang='lat' dir='ltr'><strong>suo</strong></span> <span class='ocrx_word' id='word_1_63' title='bbox 722 1044 896 1128; x_wconf 81' lang='lat' dir='ltr'>indulgeat,</span> <span class='ocrx_word' id='word_1_64' title='bbox 918 1065 1015 1128; x_wconf 89' lang='lat' dir='ltr'><strong>quam</strong></span> <span class='ocrx_word' id='word_1_65' title='bbox 1036 1051 1072 1108; x_wconf 93' lang='lat' dir='ltr'><strong>ut</strong></span> <span class='ocrx_word' id='word_1_66' title='bbox 1087 1045 1303 1112; x_wconf 75' lang='lat' dir='ltr'>narrationem</span> <span class='ocrx_word' id='word_1_67' title='bbox 1319 1066 1392 1128; x_wconf 88' lang='lat' dir='ltr'><strong>pro·</strong></span> <span class='ocrx_word' id='word_1_68' title='bbox 1415 1097 1416 1106; x_wconf 73' lang='grc'>,</span> 
     </span>
     <span class='ocr_line' id='line_1_10' title="bbox 210 1145 1393 1236; baseline 0 -22"><span class='ocrx_word' id='word_1_69' title='bbox 210 1149 315 1230; x_wconf 87' lang='lat' dir='ltr'><strong>ducat,</strong></span> <span class='ocrx_word' id='word_1_70' title='bbox 346 1147 388 1216; x_wconf 91' lang='lat' dir='ltr'><strong>ad</strong></span> <span class='ocrx_word' id='word_1_71' title='bbox 418 1149 559 1236; x_wconf 85' lang='lat' dir='ltr'><strong>singulas</strong></span> <span class='ocrx_word' id='word_1_72' title='bbox 585 1168 638 1214; x_wconf 90' lang='lat' dir='ltr'><strong>res</strong></span> <span class='ocrx_word' id='word_1_73' title='bbox 666 1147 758 1232; x_wconf 84' lang='lat' dir='ltr'><strong>quasi</strong></span> <span class='ocrx_word' id='word_1_74' title='bbox 786 1145 1006 1232; x_wconf 83' lang='lat' dir='ltr'><strong>depingendae</strong></span> <span class='ocrx_word' id='word_1_75' title='bbox 1033 1145 1226 1232; x_wconf 78' lang='lat' dir='ltr'><strong>digreditur,</strong></span> <span class='ocrx_word' id='word_1_76' title='bbox 1266 1167 1393 1214; x_wconf 85' lang='lat' dir='ltr'><strong>summa</strong></span> 
     </span>
     <span class='ocr_line' id='line_1_11' title="bbox 210 1247 1393 1336; baseline 0.002 -22"><span class='ocrx_word' id='word_1_77' title='bbox 210 1249 396 1336; x_wconf 83' lang='lat' dir='ltr'><strong>plerumque</strong></span> <span class='ocrx_word' id='word_1_78' title='bbox 425 1251 553 1318; x_wconf 89' lang='lat' dir='ltr'><strong>dicendi</strong></span> <span class='ocrx_word' id='word_1_79' title='bbox 583 1250 677 1336; x_wconf 88' lang='lat' dir='ltr'><strong>eopia</strong></span> <span class='ocrx_word' id='word_1_80' title='bbox 706 1253 739 1314; x_wconf 89' lang='lat' dir='ltr'><strong>et</strong></span> <span class='ocrx_word' id='word_1_81' title='bbox 766 1247 982 1314; x_wconf 83' lang='lat' dir='ltr'><strong>adfectatione</strong></span> <span class='ocrx_word' id='word_1_82' title='bbox 1010 1270 1097 1316; x_wconf 87' lang='lat' dir='ltr'><strong>usus.</strong></span> <span class='ocrx_word' id='word_1_83' title='bbox 1143 1248 1196 1316; x_wconf 86' lang='lat' dir='ltr'><strong>Sic</strong></span> <span class='ocrx_word' id='word_1_84' title='bbox 1217 1249 1251 1312; x_wconf 95' lang='lat' dir='ltr'><strong>in</strong></span> <span class='ocrx_word' id='word_1_85' title='bbox 1265 1249 1338 1318; x_wconf 85' lang='lat' dir='ltr'><strong>libr.</strong></span> <span class='ocrx_word' id='word_1_86' title='bbox 1362 1251 1393 1316; x_wconf 94' lang='lat' dir='ltr'><strong>Il</strong></span> 
     </span>
     <span class='ocr_line' id='line_1_12' title="bbox 209 1349 1392 1438; baseline 0.002 -20"><span class='ocrx_word' id='word_1_87' title='bbox 209 1375 241 1438; x_wconf 87' lang='lat' dir='ltr'><strong>p.</strong></span> <span class='ocrx_word' id='word_1_88' title='bbox 271 1358 436 1420; x_wconf 88' lang='grc'>106-112</span> <span class='ocrx_word' id='word_1_89' title='bbox 459 1353 590 1420; x_wconf 88' lang='lat' dir='ltr'><strong>summis</strong></span> <span class='ocrx_word' id='word_1_90' title='bbox 612 1353 762 1420; x_wconf 82' lang='lat' dir='ltr'><strong>laudibus</strong></span> <span class='ocrx_word' id='word_1_91' title='bbox 784 1351 949 1438; x_wconf 86' lang='lat' dir='ltr'><strong>verbisque</strong></span> <span class='ocrx_word' id='word_1_92' title='bbox 971 1349 1145 1438; x_wconf 78' lang='lat' dir='ltr'><strong>grandibus</strong></span> <span class='ocrx_word' id='word_1_93' title='bbox 1168 1351 1318 1434; x_wconf 80' lang='lat' dir='ltr'><strong>capillum</strong></span> <span class='ocrx_word' id='word_1_94' title='bbox 1341 1375 1392 1420; x_wconf 84' lang='lat' dir='ltr'><strong>ex-</strong></span> 
     </span>
     <span class='ocr_line' id='line_1_13' title="bbox 210 1454 1393 1542; baseline 0.001 -20"><span class='ocrx_word' id='word_1_95' title='bbox 210 1454 297 1522; x_wconf 89' lang='lat' dir='ltr'><strong>tollit</strong></span> <span class='ocrx_word' id='word_1_96' title='bbox 329 1462 363 1523; x_wconf 88' lang='lat' dir='ltr'><strong>et</strong></span> <span class='ocrx_word' id='word_1_97' title='bbox 393 1457 427 1523; x_wconf 93' lang='lat' dir='ltr'><strong>in</strong></span> <span class='ocrx_word' id='word_1_98' title='bbox 459 1457 533 1524; x_wconf 90' lang='lat' dir='ltr'><strong>libr.</strong></span> <span class='ocrx_word' id='word_1_99' title='bbox 565 1456 597 1522; x_wconf 91' lang='lat'><strong>11</strong></span> <span class='ocrx_word' id='word_1_100' title='bbox 629 1478 661 1542; x_wconf 90' lang='lat' dir='ltr'><strong>p.</strong></span> <span class='ocrx_word' id='word_1_101' title='bbox 691 1460 826 1530; x_wconf 84' lang='lat'><strong>91-95.</strong></span> <span class='ocrx_word' id='word_1_102' title='bbox 857 1460 951 1522; x_wconf 87' lang='lat' dir='ltr'><strong>tanta</strong></span> <span class='ocrx_word' id='word_1_103' title='bbox 973 1454 1155 1540; x_wconf 81' lang='lat' dir='ltr'><strong>eloquentia</strong></span> <span class='ocrx_word' id='word_1_104' title='bbox 1173 1460 1217 1520; x_wconf 79' lang='lat' dir='ltr'><strong>et</strong></span> <span class='ocrx_word' id='word_1_105' title='bbox 1246 1454 1393 1523; x_wconf 88' lang='lat' dir='ltr'><strong>ubertate</strong></span> 
     </span>
     <span class='ocr_line' id='line_1_14' title="bbox 211 1557 1393 1648; baseline 0.001 -23"><span class='ocrx_word' id='word_1_106' title='bbox 211 1559 334 1626; x_wconf 90' lang='lat' dir='ltr'><strong>Dianae</strong></span> <span class='ocrx_word' id='word_1_107' title='bbox 362 1580 562 1628; x_wconf 86' lang='lat' dir='ltr'><strong>marmoreae</strong></span> <span class='ocrx_word' id='word_1_108' title='bbox 591 1557 862 1648; x_wconf 88' lang='lat' dir='ltr'><strong>pulchritudinem</strong></span> <span class='ocrx_word' id='word_1_109' title='bbox 890 1557 1059 1638; x_wconf 84' lang='lat' dir='ltr'><strong>describit,</strong></span> <span class='ocrx_word' id='word_1_110' title='bbox 1086 1561 1123 1624; x_wconf 89' lang='lat' dir='ltr'><strong>ut</strong></span> <span class='ocrx_word' id='word_1_111' title='bbox 1152 1557 1221 1642; x_wconf 81' lang='lat' dir='ltr'><strong>ipse</strong></span> <span class='ocrx_word' id='word_1_112' title='bbox 1248 1563 1339 1626; x_wconf 87' lang='lat' dir='ltr'><strong>totus</strong></span> <span class='ocrx_word' id='word_1_113' title='bbox 1361 1561 1393 1626; x_wconf 91' lang='lat' dir='ltr'><strong>in</strong></span> 
     </span>
     <span class='ocr_line' id='line_1_15' title="bbox 210 1651 1392 1746; baseline -0.002 -18"><span class='ocrx_word' id='word_1_114' title='bbox 210 1651 369 1729; x_wconf 84' lang='lat' dir='ltr'><strong>laetitiam</strong></span> <span class='ocrx_word' id='word_1_115' title='bbox 385 1661 503 1728; x_wconf 87' lang='lat' dir='ltr'><strong>effusus</strong></span> <span class='ocrx_word' id='word_1_116' title='bbox 519 1683 590 1728; x_wconf 84' lang='lat' dir='ltr'><strong>ense</strong></span> <span class='ocrx_word' id='word_1_117' title='bbox 605 1661 759 1744; x_wconf 79' lang='lat' dir='ltr'><strong>videatur.</strong></span> <span class='ocrx_word' id='word_1_118' title='bbox 789 1661 902 1746; x_wconf 86' lang='lat' dir='ltr'><strong>ltaque</strong></span> <span class='ocrx_word' id='word_1_119' title='bbox 918 1660 1099 1746; x_wconf 82' lang='lat' dir='ltr'><strong>Appuleius,</strong></span> <span class='ocrx_word' id='word_1_120' title='bbox 1122 1663 1158 1726; x_wconf 92' lang='lat' dir='ltr'><strong>ut</strong></span> <span class='ocrx_word' id='word_1_121' title='bbox 1171 1659 1259 1726; x_wconf 84' lang='lat' dir='ltr'><strong>brevi</strong></span> <span class='ocrx_word' id='word_1_122' title='bbox 1275 1659 1392 1743; x_wconf 85' lang='lat' dir='ltr'><strong>dicam,</strong></span> 
     </span>
     <span class='ocr_line' id='line_1_16' title="bbox 209 1763 1392 1855; baseline 0.001 -24"><span class='ocrx_word' id='word_1_123' title='bbox 209 1766 390 1851; x_wconf 91' lang='lat' dir='ltr'><strong>ubicunque</strong></span> <span class='ocrx_word' id='word_1_124' title='bbox 405 1765 457 1832; x_wconf 81' lang='lat' dir='ltr'><strong>vel</strong></span> <span class='ocrx_word' id='word_1_125' title='bbox 472 1765 886 1855; x_wconf 83' lang='lat' dir='ltr'><strong>eruditionisostentandae</strong></span> <span class='ocrx_word' id='word_1_126' title='bbox 901 1763 951 1830; x_wconf 83' lang='lat' dir='ltr'><strong>vel</strong></span> <span class='ocrx_word' id='word_1_127' title='bbox 970 1763 1199 1848; x_wconf 83' lang='lat' dir='ltr'><strong>intelligentiae</strong></span> <span class='ocrx_word' id='word_1_128' title='bbox 1220 1763 1392 1832; x_wconf 87' lang='lat' dir='ltr'><strong>iactandas</strong></span> 
     </span>
     <span class='ocr_line' id='line_1_17' title="bbox 210 1865 1392 1968; baseline 0 -34"><span class='ocrx_word' id='word_1_129' title='bbox 210 1870 339 1968; x_wconf 76' lang='lat' dir='ltr'><strong>occasio</strong></span> <span class='ocrx_word' id='word_1_130' title='bbox 360 1869 438 1938; x_wconf 87' lang='lat' dir='ltr'><strong>data</strong></span> <span class='ocrx_word' id='word_1_131' title='bbox 459 1873 519 1948; x_wconf 91' lang='lat' dir='ltr'><strong>est,</strong></span> <span class='ocrx_word' id='word_1_132' title='bbox 542 1870 590 1934; x_wconf 89' lang='lat' dir='ltr'><strong>ita</strong></span> <span class='ocrx_word' id='word_1_133' title='bbox 612 1867 645 1934; x_wconf 92' lang='lat' dir='ltr'><strong>in</strong></span> <span class='ocrx_word' id='word_1_134' title='bbox 667 1867 717 1934; x_wconf 93' lang='lat' dir='ltr'><strong>bis</strong></span> <span class='ocrx_word' id='word_1_135' title='bbox 739 1867 835 1934; x_wconf 89' lang='lat' dir='ltr'><strong>rebus</strong></span> <span class='ocrx_word' id='word_1_136' title='bbox 858 1872 1022 1950; x_wconf 86' lang='lat' dir='ltr'><strong>versatur,</strong></span> <span class='ocrx_word' id='word_1_137' title='bbox 1044 1872 1082 1932; x_wconf 92' lang='lat' dir='ltr'><strong>nt</strong></span> <span class='ocrx_word' id='word_1_138' title='bbox 1103 1865 1219 1932; x_wconf 91' lang='lat' dir='ltr'><strong>artium</strong></span> <span class='ocrx_word' id='word_1_139' title='bbox 1241 1867 1392 1936; x_wconf 88' lang='lat' dir='ltr'><strong>subtilem</strong></span> 
     </span>
     <span class='ocr_line' id='line_1_18' title="bbox 210 1967 1392 2067; baseline 0.002 -31"><span class='ocrx_word' id='word_1_140' title='bbox 210 1977 243 2067; x_wconf 79' lang='lat' dir='ltr'><strong>et</strong></span> <span class='ocrx_word' id='word_1_141' title='bbox 265 1971 416 2040; x_wconf 88' lang='lat' dir='ltr'><strong>callidum</strong></span> <span class='ocrx_word' id='word_1_142' title='bbox 435 1971 575 2039; x_wconf 92' lang='lat' dir='ltr'><strong>iudicem</strong></span> <span class='ocrx_word' id='word_1_143' title='bbox 590 1972 800 2039; x_wconf 85' lang='lat' dir='ltr'><strong>disserentem</strong></span> <span class='ocrx_word' id='word_1_144' title='bbox 823 1971 874 2056; x_wconf 93' lang='lat' dir='ltr'><strong>(ut</strong></span> <span class='ocrx_word' id='word_1_145' title='bbox 895 1970 942 2036; x_wconf 91' lang='lat' dir='ltr'><strong>ait</strong></span> <span class='ocrx_word' id='word_1_146' title='bbox 964 1969 1118 2036; x_wconf 84' lang='lat' dir='ltr'><strong>Horatius</strong></span> <span class='ocrx_word' id='word_1_147' title='bbox 1141 1967 1200 2036; x_wconf 84' lang='lat' dir='ltr'><strong>Sat</strong></span> <span class='ocrx_word' id='word_1_148' title='bbox 1213 1968 1246 2034; x_wconf 92' lang='lat'><strong>11</strong></span> <span class='ocrx_word' id='word_1_149' title='bbox 1260 1976 1288 2051; x_wconf 80' lang='lat'><strong>7,</strong></span> <span class='ocrx_word' id='word_1_150' title='bbox 1306 1972 1392 2060; x_wconf 89' lang='lat'><strong>101),</strong></span> 
     </span>
     <span class='ocr_line' id='line_1_19' title="bbox 209 2071 1393 2160; baseline 0.002 -20"><span class='ocrx_word' id='word_1_151' title='bbox 209 2095 274 2140; x_wconf 92' lang='lat' dir='ltr'><strong>non</strong></span> <span class='ocrx_word' id='word_1_152' title='bbox 319 2073 499 2142; x_wconf 82' lang='lat' dir='ltr'><strong>fabularum</strong></span> <span class='ocrx_word' id='word_1_153' title='bbox 547 2075 734 2160; x_wconf 81' lang='lat' dir='ltr'><strong>scriptorem</strong></span> <span class='ocrx_word' id='word_1_154' title='bbox 770 2078 954 2140; x_wconf 84' lang='lat' dir='ltr'><strong>remantem</strong></span> <span class='ocrx_word' id='word_1_155' title='bbox 990 2071 1103 2141; x_wconf 88' lang='lat' dir='ltr'><strong>audire</strong></span> <span class='ocrx_word' id='word_1_156' title='bbox 1138 2075 1170 2138; x_wconf 90' lang='lat' dir='ltr'><strong>te</strong></span> <span class='ocrx_word' id='word_1_157' title='bbox 1207 2072 1393 2142; x_wconf 88' lang='lat' dir='ltr'><strong>credideris.</strong></span> 
     </span>
     <span class='ocr_line' id='line_1_20' title="bbox 206 2175 1391 2267; baseline 0.003 -23"><span class='ocrx_word' id='word_1_158' title='bbox 206 2177 505 2267; x_wconf 20' lang='lat' dir='ltr'><strong>¹Quodsipputamus</strong></span> <span class='ocrx_word' id='word_1_159' title='bbox 527 2176 676 2262; x_wconf 86' lang='lat' dir='ltr'><strong>Appuleii</strong></span> <span class='ocrx_word' id='word_1_160' title='bbox 703 2176 868 2262; x_wconf 86' lang='lat' dir='ltr'><strong>propriam</strong></span> <span class='ocrx_word' id='word_1_161' title='bbox 891 2195 1054 2258; x_wconf 77' lang='lat' dir='ltr'><strong>esseeam</strong></span> <span class='ocrx_word' id='word_1_162' title='bbox 1075 2175 1202 2258; x_wconf 84' lang='lat' dir='ltr'><strong>dicendi</strong></span> <span class='ocrx_word' id='word_1_163' title='bbox 1222 2176 1391 2259; x_wconf 87' lang='lat' dir='ltr'><strong>rationem,</strong></span> 
     </span>
     <span class='ocr_line' id='line_1_21' title="bbox 209 2264 1390 2370; baseline 0 -24"><span class='ocrx_word' id='word_1_164' title='bbox 209 2264 249 2346; x_wconf 57' lang='lat' dir='ltr'><strong>ut&#39;</strong></span> <span class='ocrx_word' id='word_1_165' title='bbox 269 2264 464 2370; x_wconf 82' lang='lat' dir='ltr'><strong>elegantiam</strong></span> <span class='ocrx_word' id='word_1_166' title='bbox 487 2284 628 2346; x_wconf 85' lang='lat' dir='ltr'><strong>sectatus</strong></span> <span class='ocrx_word' id='word_1_167' title='bbox 649 2281 682 2344; x_wconf 89' lang='lat' dir='ltr'><strong>in</strong></span> <span class='ocrx_word' id='word_1_168' title='bbox 705 2279 933 2346; x_wconf 86' lang='lat' dir='ltr'><strong>obscuritatem</strong></span> <span class='ocrx_word' id='word_1_169' title='bbox 949 2283 983 2346; x_wconf 91' lang='lat' dir='ltr'><strong>et</strong></span> <span class='ocrx_word' id='word_1_170' title='bbox 996 2284 1154 2345; x_wconf 91' lang='lat' dir='ltr'><strong>tumorem</strong></span> <span class='ocrx_word' id='word_1_171' title='bbox 1173 2277 1302 2357; x_wconf 86' lang='lat' dir='ltr'><strong>incidat,</strong></span> <span class='ocrx_word' id='word_1_172' title='bbox 1326 2301 1390 2346; x_wconf 93' lang='lat' dir='ltr'><strong>non</strong></span> 
     </span>
     <span class='ocr_line' id='line_1_22' title="bbox 208 2380 1392 2472; baseline 0 -23"><span class='ocrx_word' id='word_1_173' title='bbox 208 2403 378 2468; x_wconf 87' lang='lat' dir='ltr'><strong>possumus</strong></span> <span class='ocrx_word' id='word_1_174' title='bbox 411 2403 474 2448; x_wconf 91' lang='lat' dir='ltr'><strong>non</strong></span> <span class='ocrx_word' id='word_1_175' title='bbox 508 2382 627 2461; x_wconf 87' lang='lat' dir='ltr'><strong>mirari,</strong></span> <span class='ocrx_word' id='word_1_176' title='bbox 662 2383 747 2468; x_wconf 92' lang='lat' dir='ltr'><strong>quod</strong></span> <span class='ocrx_word' id='word_1_177' title='bbox 780 2380 950 2448; x_wconf 89' lang='lat' dir='ltr'><strong>nonnullae</strong></span> <span class='ocrx_word' id='word_1_178' title='bbox 982 2381 1089 2472; x_wconf 88' lang='lat' dir='ltr'><strong>operis</strong></span> <span class='ocrx_word' id='word_1_179' title='bbox 1118 2386 1227 2466; x_wconf 85' lang='lat' dir='ltr'><strong>partes</strong></span> <span class='ocrx_word' id='word_1_180' title='bbox 1257 2381 1299 2448; x_wconf 89' lang='lat' dir='ltr'><strong>ab</strong></span> <span class='ocrx_word' id='word_1_181' title='bbox 1329 2384 1392 2450; x_wconf 89' lang='lat' dir='ltr'><strong>hoo</strong></span> 
     </span>
     <span class='ocr_line' id='line_1_23' title="bbox 211 2482 1391 2573; baseline 0.002 -22"><span class='ocrx_word' id='word_1_182' title='bbox 211 2483 325 2573; x_wconf 85' lang='lat' dir='ltr'><strong>grandi</strong></span> <span class='ocrx_word' id='word_1_183' title='bbox 347 2486 502 2553; x_wconf 89' lang='lat' dir='ltr'><strong>orationis</strong></span> <span class='ocrx_word' id='word_1_184' title='bbox 524 2506 641 2572; x_wconf 86' lang='lat' dir='ltr'><strong>genere</strong></span> <span class='ocrx_word' id='word_1_185' title='bbox 663 2485 758 2572; x_wconf 89' lang='lat' dir='ltr'><strong>plane</strong></span> <span class='ocrx_word' id='word_1_186' title='bbox 781 2485 970 2570; x_wconf 86' lang='lat' dir='ltr'><strong>discrepent.</strong></span> <span class='ocrx_word' id='word_1_187' title='bbox 1016 2483 1097 2550; x_wconf 88' lang='lat' dir='ltr'><strong>Sunt</strong></span> <span class='ocrx_word' id='word_1_188' title='bbox 1119 2484 1202 2550; x_wconf 92' lang='lat' dir='ltr'><strong>enim</strong></span> <span class='ocrx_word' id='word_1_189' title='bbox 1224 2482 1287 2550; x_wconf 86' lang='lat' dir='ltr'><strong>loci</strong></span> <span class='ocrx_word' id='word_1_190' title='bbox 1309 2489 1391 2553; x_wconf 90' lang='lat' dir='ltr'><strong>satis</strong></span> 
     </span>
     <span class='ocr_line' id='line_1_24' title="bbox 210 2586 1391 2674; baseline 0.001 -20"><span class='ocrx_word' id='word_1_191' title='bbox 210 2588 314 2668; x_wconf 90' lang='lat' dir='ltr'><strong>multi,</strong></span> <span class='ocrx_word' id='word_1_192' title='bbox 343 2589 399 2674; x_wconf 91' lang='lat' dir='ltr'><strong>qui</strong></span> <span class='ocrx_word' id='word_1_193' title='bbox 427 2595 493 2656; x_wconf 89' lang='lat' dir='ltr'><strong>tam</strong></span> <span class='ocrx_word' id='word_1_194' title='bbox 525 2588 662 2655; x_wconf 77' lang='lat' dir='ltr'><strong>breviter</strong></span> <span class='ocrx_word' id='word_1_195' title='bbox 692 2593 725 2654; x_wconf 88' lang='lat' dir='ltr'><strong>et</strong></span> <span class='ocrx_word' id='word_1_196' title='bbox 751 2588 875 2654; x_wconf 87' lang='lat' dir='ltr'><strong>concise</strong></span> <span class='ocrx_word' id='word_1_197' title='bbox 904 2592 979 2654; x_wconf 89' lang='lat' dir='ltr'><strong>sunt</strong></span> <span class='ocrx_word' id='word_1_198' title='bbox 996 2586 1181 2672; x_wconf 89' lang='lat' dir='ltr'><strong>compositi,</strong></span> <span class='ocrx_word' id='word_1_199' title='bbox 1203 2591 1241 2651; x_wconf 90' lang='lat' dir='ltr'><strong>ut</strong></span> <span class='ocrx_word' id='word_1_200' title='bbox 1261 2607 1324 2653; x_wconf 90' lang='lat' dir='ltr'><strong>non</strong></span> <span class='ocrx_word' id='word_1_201' title='bbox 1350 2589 1391 2655; x_wconf 87' lang='lat' dir='ltr'><strong>ab</strong></span> 
     </span>
     <span class='ocr_line' id='line_1_25' title="bbox 210 2688 1391 2776; baseline 0.002 -22"><span class='ocrx_word' id='word_1_202' title='bbox 210 2688 323 2758; x_wconf 77' lang='lat' dir='ltr'><strong>rodem</strong></span> <span class='ocrx_word' id='word_1_203' title='bbox 345 2691 404 2758; x_wconf 89' lang='lat' dir='ltr'><strong>sed</strong></span> <span class='ocrx_word' id='word_1_204' title='bbox 425 2691 466 2756; x_wconf 89' lang='lat' dir='ltr'><strong>ab</strong></span> <span class='ocrx_word' id='word_1_205' title='bbox 489 2691 553 2758; x_wconf 90' lang='lat' dir='ltr'><strong>alio</strong></span> <span class='ocrx_word' id='word_1_206' title='bbox 576 2697 709 2758; x_wconf 87' lang='lat' dir='ltr'><strong>auctore</strong></span> <span class='ocrx_word' id='word_1_207' title='bbox 732 2691 844 2776; x_wconf 85' lang='lat' dir='ltr'><strong>scripti</strong></span> <span class='ocrx_word' id='word_1_208' title='bbox 865 2711 935 2756; x_wconf 89' lang='lat' dir='ltr'><strong>esse</strong></span> <span class='ocrx_word' id='word_1_209' title='bbox 950 2689 1126 2758; x_wconf 83' lang='lat' dir='ltr'><strong>videantur.</strong></span> <span class='ocrx_word' id='word_1_210' title='bbox 1171 2689 1255 2768; x_wconf 85' lang='lat' dir='ltr'><strong>Quid</strong></span> <span class='ocrx_word' id='word_1_211' title='bbox 1268 2690 1391 2774; x_wconf 78' lang='lat' dir='ltr'><strong>igitur?</strong></span> 
     </span>
     <span class='ocr_line' id='line_1_26' title="bbox 210 2791 1392 2878; baseline -0.002 -17"><span class='ocrx_word' id='word_1_212' title='bbox 210 2796 243 2862; x_wconf 85' lang='lat' dir='ltr'><strong>si</strong></span> <span class='ocrx_word' id='word_1_213' title='bbox 265 2795 298 2860; x_wconf 92' lang='lat' dir='ltr'><strong>in</strong></span> <span class='ocrx_word' id='word_1_214' title='bbox 319 2795 370 2860; x_wconf 91' lang='lat' dir='ltr'><strong>his</strong></span> <span class='ocrx_word' id='word_1_215' title='bbox 393 2794 472 2860; x_wconf 89' lang='lat' dir='ltr'><strong>locis</strong></span> <span class='ocrx_word' id='word_1_216' title='bbox 494 2816 559 2860; x_wconf 90' lang='lat' dir='ltr'><strong>nou</strong></span> <span class='ocrx_word' id='word_1_217' title='bbox 580 2793 772 2878; x_wconf 83' lang='lat' dir='ltr'><strong>Appuleium</strong></span> <span class='ocrx_word' id='word_1_218' title='bbox 795 2793 963 2860; x_wconf 78' lang='lat' dir='ltr'><strong>audimus?</strong></span> <span class='ocrx_word' id='word_1_219' title='bbox 991 2791 1024 2859; x_wconf 87' lang='lat' dir='ltr'><strong>Si</strong></span> <span class='ocrx_word' id='word_1_220' title='bbox 1047 2814 1102 2860; x_wconf 87' lang='lat' dir='ltr'><strong>eas</strong></span> <span class='ocrx_word' id='word_1_221' title='bbox 1124 2798 1234 2878; x_wconf 84' lang='lat' dir='ltr'><strong>partes</strong></span> <span class='ocrx_word' id='word_1_222' title='bbox 1257 2793 1324 2858; x_wconf 88' lang='lat' dir='ltr'><strong>fere</strong></span> <span class='ocrx_word' id='word_1_223' title='bbox 1348 2796 1392 2859; x_wconf 94' lang='lat' dir='ltr'><strong>in·</strong></span> 
     </span>
     <span class='ocr_line' id='line_1_27' title="bbox 210 2895 1392 2982; baseline -0.002 -18"><span class='ocrx_word' id='word_1_224' title='bbox 210 2907 318 2982; x_wconf 79' lang='lat' dir='ltr'><strong>tegnas</strong></span> <span class='ocrx_word' id='word_1_225' title='bbox 340 2919 360 2964; x_wconf 92' lang='lat' dir='ltr'><strong>a</strong></span> <span class='ocrx_word' id='word_1_226' title='bbox 382 2897 516 2964; x_wconf 85' lang='lat' dir='ltr'><strong>Graecis</strong></span> <span class='ocrx_word' id='word_1_227' title='bbox 539 2917 610 2962; x_wconf 90' lang='lat' dir='ltr'><strong>esse</strong></span> <span class='ocrx_word' id='word_1_228' title='bbox 632 2896 817 2980; x_wconf 86' lang='lat' dir='ltr'><strong>desumptas</strong></span> <span class='ocrx_word' id='word_1_229' title='bbox 840 2895 1061 2964; x_wconf 84' lang='lat' dir='ltr'><strong>demonstrare</strong></span> <span class='ocrx_word' id='word_1_230' title='bbox 1082 2897 1272 2981; x_wconf 83' lang='lat' dir='ltr'><strong>possumus?</strong></span> <span class='ocrx_word' id='word_1_231' title='bbox 1293 2896 1392 2966; x_wconf 90' lang='lat' dir='ltr'><strong>Haud</strong></span> 
     </span>
     <span class='ocr_line' id='line_1_28' title="bbox 210 2997 1393 3085; baseline -0.002 -19"><span class='ocrx_word' id='word_1_232' title='bbox 210 3000 356 3082; x_wconf 82' lang='lat' dir='ltr'><strong>difficile;</strong></span> <span class='ocrx_word' id='word_1_233' title='bbox 387 3005 589 3085; x_wconf 86' lang='lat' dir='ltr'><strong>comparetur</strong></span> <span class='ocrx_word' id='word_1_234' title='bbox 611 2997 745 3064; x_wconf 86' lang='lat' dir='ltr'><strong>Luciani</strong></span> <span class='ocrx_word' id='word_1_235' title='bbox 774 2997 901 3064; x_wconf 88' lang='lat' dir='ltr'><strong>libellus</strong></span> <span class='ocrx_word' id='word_1_236' title='bbox 924 3004 957 3066; x_wconf 87' lang='lat' dir='ltr'><strong>et</strong></span> <span class='ocrx_word' id='word_1_237' title='bbox 977 2998 1137 3064; x_wconf 90' lang='lat' dir='ltr'><strong>hominem</strong></span> <span class='ocrx_word' id='word_1_238' title='bbox 1159 2997 1292 3066; x_wconf 91' lang='lat' dir='ltr'><strong>latinum</strong></span> <span class='ocrx_word' id='word_1_239' title='bbox 1315 3019 1393 3066; x_wconf 89' lang='lat' dir='ltr'><strong>non·</strong></span> 
     </span>
    </p>
   </div>
   <div class='ocr_carea' id='block_1_3' title="bbox 71 3098 1392 3189">
    <p class='ocr_par' dir='ltr' id='par_1_4' title="bbox 71 3098 1392 3189">
     <span class='ocr_line' id='line_1_29' title="bbox 71 3098 1392 3189; baseline -0.006 -13"><span class='ocrx_word' id='word_1_240' title='bbox 71 3161 77 3176; x_wconf 91' lang='lat'><strong>.</strong></span> <span class='ocrx_word' id='word_1_241' title='bbox 210 3124 389 3189; x_wconf 90' lang='lat' dir='ltr'><strong>nunquam,</strong></span> <span class='ocrx_word' id='word_1_242' title='bbox 418 3103 473 3170; x_wconf 90' lang='lat' dir='ltr'><strong>ubi</strong></span> <span class='ocrx_word' id='word_1_243' title='bbox 500 3101 542 3169; x_wconf 89' lang='lat' dir='ltr'><strong>ab</strong></span> <span class='ocrx_word' id='word_1_244' title='bbox 564 3101 621 3168; x_wconf 91' lang='lat' dir='ltr'><strong>illa</strong></span> <span class='ocrx_word' id='word_1_245' title='bbox 642 3101 836 3174; x_wconf 83' lang='lat' dir='ltr'><strong>verbositate</strong></span> <span class='ocrx_word' id='word_1_246' title='bbox 859 3099 1013 3180; x_wconf 89' lang='lat' dir='ltr'><strong>discedat,</strong></span> <span class='ocrx_word' id='word_1_247' title='bbox 1034 3098 1123 3164; x_wconf 89' lang='lat' dir='ltr'><strong>nulla</strong></span> <span class='ocrx_word' id='word_1_248' title='bbox 1143 3099 1209 3166; x_wconf 86' lang='lat' dir='ltr'><strong>alia</strong></span> <span class='ocrx_word' id='word_1_249' title='bbox 1229 3100 1269 3164; x_wconf 88' lang='lat' dir='ltr'><strong>de</strong></span> <span class='ocrx_word' id='word_1_250' title='bbox 1291 3117 1392 3168; x_wconf 87' lang='lat' dir='ltr'><strong>causa</strong></span> 
     </span>
    </p>
   </div>
   <div class='ocr_carea' id='block_1_4' title="bbox 208 3199 1397 4435">
    <p class='ocr_par' dir='ltr' id='par_1_5' title="bbox 208 3199 1395 3493">
     <span class='ocr_line' id='line_1_30' title="bbox 209 3199 1394 3290; baseline -0.003 -18"><span class='ocrx_word' id='word_1_251' title='bbox 209 3206 253 3273; x_wconf 88' lang='lat' dir='ltr'><strong>nd</strong></span> <span class='ocrx_word' id='word_1_252' title='bbox 278 3225 394 3272; x_wconf 82' lang='lat' dir='ltr'><strong>novum</strong></span> <span class='ocrx_word' id='word_1_253' title='bbox 421 3205 547 3272; x_wconf 90' lang='lat' dir='ltr'><strong>dicendi</strong></span> <span class='ocrx_word' id='word_1_254' title='bbox 574 3225 673 3290; x_wconf 88' lang='lat' dir='ltr'><strong>genus</strong></span> <span class='ocrx_word' id='word_1_255' title='bbox 704 3201 904 3270; x_wconf 80' lang='lat' dir='ltr'><strong>descendisse</strong></span> <span class='ocrx_word' id='word_1_256' title='bbox 928 3199 1112 3281; x_wconf 85' lang='lat' dir='ltr'><strong>videbimus,</strong></span> <span class='ocrx_word' id='word_1_257' title='bbox 1134 3200 1196 3268; x_wconf 88' lang='lat' dir='ltr'><strong>nisi</strong></span> <span class='ocrx_word' id='word_1_258' title='bbox 1218 3200 1304 3286; x_wconf 92' lang='lat' dir='ltr'><strong>quod</strong></span> <span class='ocrx_word' id='word_1_259' title='bbox 1327 3203 1394 3270; x_wconf 91' lang='lat' dir='ltr'><strong>Lu-</strong></span> 
     </span>
     <span class='ocr_line' id='line_1_31' title="bbox 208 3291 1395 3389; baseline -0.001 -15"><span class='ocrx_word' id='word_1_260' title='bbox 208 3291 295 3378; x_wconf 54' lang='lat' dir='ltr'><strong>&#39;ciani</strong></span> <span class='ocrx_word' id='word_1_261' title='bbox 317 3309 416 3376; x_wconf 86' lang='lat' dir='ltr'><strong>verba</strong></span> <span class='ocrx_word' id='word_1_262' title='bbox 436 3309 469 3374; x_wconf 93' lang='lat' dir='ltr'><strong>in</strong></span> <span class='ocrx_word' id='word_1_263' title='bbox 490 3307 626 3376; x_wconf 86' lang='lat' dir='ltr'><strong>latinum</strong></span> <span class='ocrx_word' id='word_1_264' title='bbox 647 3327 826 3372; x_wconf 88' lang='lat' dir='ltr'><strong>sermonem</strong></span> <span class='ocrx_word' id='word_1_265' title='bbox 844 3304 1018 3372; x_wconf 86' lang='lat' dir='ltr'><strong>transtulit.</strong></span> <span class='ocrx_word' id='word_1_266' title='bbox 1063 3303 1156 3383; x_wconf 82' lang='lat' dir='ltr'><strong>Quod</strong></span> <span class='ocrx_word' id='word_1_267' title='bbox 1170 3309 1207 3370; x_wconf 91' lang='lat' dir='ltr'><strong>ut</strong></span> <span class='ocrx_word' id='word_1_268' title='bbox 1220 3304 1395 3389; x_wconf 89' lang='lat' dir='ltr'><strong>probemus</strong></span> 
     </span>
     <span class='ocr_line' id='line_1_32' title="bbox 212 3407 1342 3493; baseline -0.005 -15"><span class='ocrx_word' id='word_1_269' title='bbox 212 3435 251 3478; x_wconf 86' lang='lat' dir='ltr'><strong>ex</strong></span> <span class='ocrx_word' id='word_1_270' title='bbox 279 3410 564 3478; x_wconf 88' lang='lat' dir='ltr'><strong>innumerabilibus</strong></span> <span class='ocrx_word' id='word_1_271' title='bbox 586 3409 664 3474; x_wconf 88' lang='lat' dir='ltr'><strong>baec</strong></span> <span class='ocrx_word' id='word_1_272' title='bbox 686 3429 790 3492; x_wconf 87' lang='lat' dir='ltr'><strong>pauca</strong></span> <span class='ocrx_word' id='word_1_273' title='bbox 813 3407 960 3493; x_wconf 86' lang='lat' dir='ltr'><strong>exempla</strong></span> <span class='ocrx_word' id='word_1_274' title='bbox 979 3407 1106 3474; x_wconf 85' lang='lat' dir='ltr'><strong>adferre</strong></span> <span class='ocrx_word' id='word_1_275' title='bbox 1129 3407 1208 3475; x_wconf 92' lang='lat' dir='ltr'><strong>mibi</strong></span> <span class='ocrx_word' id='word_1_276' title='bbox 1228 3408 1342 3474; x_wconf 87' lang='lat' dir='ltr'><strong>liceat:</strong></span> 
     </span>
    </p>

    <p class='ocr_par' dir='ltr' id='par_1_6' title="bbox 209 3499 1396 3808">
     <span class='ocr_line' id='line_1_33' title="bbox 209 3499 1393 3602; baseline -0.004 -19"><span class='ocrx_word' id='word_1_277' title='bbox 209 3575 213 3584; x_wconf 83' lang='grc'>,</span> <span class='ocrx_word' id='word_1_278' title='bbox 300 3515 329 3602; x_wconf 87' lang='grc'><strong>1)</strong></span> <span class='ocrx_word' id='word_1_279' title='bbox 357 3513 504 3580; x_wconf 69' lang='lat' dir='ltr'><strong>Luciam.</strong></span> <span class='ocrx_word' id='word_1_280' title='bbox 528 3516 556 3576; x_wconf 84' lang='lat'><strong>2.</strong></span> <span class='ocrx_word' id='word_1_281' title='bbox 607 3504 699 3592; x_wconf 71' lang='grc' dir='ltr'><em>ἔτυχε</em></span> <span class='ocrx_word' id='word_1_282' title='bbox 727 3506 764 3576; x_wconf 77' lang='grc' dir='ltr'><strong>δὲ</strong></span> <span class='ocrx_word' id='word_1_283' title='bbox 791 3507 826 3576; x_wconf 78' lang='grc' dir='ltr'><strong>ἐν</strong></span> <span class='ocrx_word' id='word_1_284' title='bbox 853 3501 940 3598; x_wconf 76' lang='grc' dir='ltr'><strong>ἀρχῇ</strong></span> <span class='ocrx_word' id='word_1_285' title='bbox 966 3505 1105 3578; x_wconf 77' lang='grc' dir='ltr'><strong><em>δείπνου</em></strong></span> <span class='ocrx_word' id='word_1_286' title='bbox 1134 3499 1180 3577; x_wconf 79' lang='lat' dir='ltr'><strong>d&#39;a</strong></span> <span class='ocrx_word' id='word_1_287' title='bbox 1208 3505 1265 3578; x_wconf 80' lang='grc' dir='ltr'><strong>καὶ</strong></span> <span class='ocrx_word' id='word_1_288' title='bbox 1287 3511 1393 3578; x_wconf 77' lang='grc' dir='ltr'><strong><em>,κατέ-</em></strong></span> 
     </span>
     <span class='ocr_line' id='line_1_34' title="bbox 211 3603 1396 3702; baseline -0.003 -18"><span class='ocrx_word' id='word_1_289' title='bbox 211 3641 300 3684; x_wconf 77' lang='grc' dir='ltr'><strong><em>κειτο</em></strong></span> <span class='ocrx_word' id='word_1_290' title='bbox 325 3613 386 3684; x_wconf 82' lang='grc' dir='ltr'><strong><em>ἐπὶ·</em></strong></span> <span class='ocrx_word' id='word_1_291' title='bbox 404 3610 566 3682; x_wconf 75' lang='grc' dir='ltr'><strong>κλινιδίου</strong></span> <span class='ocrx_word' id='word_1_292' title='bbox 589 3613 714 3678; x_wconf 78' lang='grc' dir='ltr'><em>στενοῦ·</em></span> <span class='ocrx_word' id='word_1_293' title='bbox 730 3609 808 3699; x_wconf 72' lang='grc' dir='ltr'><strong>νννή</strong></span> <span class='ocrx_word' id='word_1_294' title='bbox 824 3608 864 3680; x_wconf 77' lang='lat' dir='ltr'><strong>dd</strong></span> <span class='ocrx_word' id='word_1_295' title='bbox 881 3603 985 3680; x_wconf 79' lang='grc' dir='ltr'><strong><em>αὐτοῦ</em></strong></span> <span class='ocrx_word' id='word_1_296' title='bbox 1000 3613 1153 3701; x_wconf 67' lang='grc' dir='ltr'><strong><em>καθῆστο</em></strong></span> <span class='ocrx_word' id='word_1_297' title='bbox 1170 3608 1314 3702; x_wconf 79' lang='grc' dir='ltr'><strong><em>πλησίον</em></strong></span> <span class='ocrx_word' id='word_1_298' title='bbox 1335 3614 1396 3680; x_wconf 78' lang='grc' dir='ltr'><strong>καὶ</strong></span> 
     </span>
     <span class='ocr_line' id='line_1_35' title="bbox 212 3705 1042 3808; baseline -0.005 -23"><span class='ocrx_word' id='word_1_299' title='bbox 212 3711 361 3808; x_wconf 75' lang='grc' dir='ltr'><strong><em>τράπεζα</em></strong></span> <span class='ocrx_word' id='word_1_300' title='bbox 383 3715 488 3806; x_wconf 77' lang='grc' dir='ltr'><strong><em>μηδὲν</em></strong></span> <span class='ocrx_word' id='word_1_301' title='bbox 509 3710 630 3799; x_wconf 57' lang='lat' dir='ltr'><strong>ignoro</strong></span> <span class='ocrx_word' id='word_1_302' title='bbox 652 3713 841 3806; x_wconf 78' lang='grc' dir='ltr'><strong><em>παρέκειτο.</em></strong></span> <span class='ocrx_word' id='word_1_303' title='bbox 987 3776 992 3794; x_wconf 77' lang='grc'><strong>,</strong></span> <span class='ocrx_word' id='word_1_304' title='bbox 1033 3705 1042 3714; x_wconf 61' lang='grc'><strong>’</strong></span> 
     </span>
    </p>

    <p class='ocr_par' dir='ltr' id='par_1_7' title="bbox 212 3819 1397 4122">
     <span class='ocr_line' id='line_1_36' title="bbox 297 3819 1394 3908; baseline 0.003 -23"><span class='ocrx_word' id='word_1_305' title='bbox 297 3821 410 3906; x_wconf 78' lang='lat' dir='ltr'><strong>Appul.</strong></span> <span class='ocrx_word' id='word_1_306' title='bbox 432 3821 448 3886; x_wconf 96' lang='lat' dir='ltr'>I</span> <span class='ocrx_word' id='word_1_307' title='bbox 468 3843 498 3908; x_wconf 90' lang='lat' dir='ltr'><strong>p.</strong></span> <span class='ocrx_word' id='word_1_308' title='bbox 523 3823 573 3884; x_wconf 87' lang='lat'><strong>69.</strong></span> <span class='ocrx_word' id='word_1_309' title='bbox 618 3819 700 3886; x_wconf 86' lang='lat' dir='ltr'><strong>Eum</strong></span> <span class='ocrx_word' id='word_1_310' title='bbox 723 3819 937 3888; x_wconf 86' lang='lat' dir='ltr'><strong>adcubantem</strong></span> <span class='ocrx_word' id='word_1_311' title='bbox 959 3822 1074 3906; x_wconf 82' lang='lat' dir='ltr'><strong>exiguo</strong></span> <span class='ocrx_word' id='word_1_312' title='bbox 1089 3819 1262 3888; x_wconf 89' lang='lat' dir='ltr'><strong>admodum</strong></span> <span class='ocrx_word' id='word_1_313' title='bbox 1277 3819 1394 3904; x_wconf 88' lang='lat' dir='ltr'><strong>graba·</strong></span> 
     </span>
     <span class='ocr_line' id='line_1_37' title="bbox 213 3922 1397 4010; baseline 0.003 -21"><span class='ocrx_word' id='word_1_314' title='bbox 213 3925 279 3990; x_wconf 91' lang='lat' dir='ltr'><strong>tulo</strong></span> <span class='ocrx_word' id='word_1_315' title='bbox 313 3931 346 3989; x_wconf 87' lang='lat' dir='ltr'><strong>et</strong></span> <span class='ocrx_word' id='word_1_316' title='bbox 385 3923 586 3992; x_wconf 88' lang='lat' dir='ltr'><strong>commodum</strong></span> <span class='ocrx_word' id='word_1_317' title='bbox 626 3945 741 3990; x_wconf 85' lang='lat' dir='ltr'><strong>cenare</strong></span> <span class='ocrx_word' id='word_1_318' title='bbox 780 3924 983 4010; x_wconf 89' lang='lat' dir='ltr'><strong>incipientem</strong></span> <span class='ocrx_word' id='word_1_319' title='bbox 1024 3922 1159 3992; x_wconf 86' lang='lat' dir='ltr'><strong>invenio.</strong></span> <span class='ocrx_word' id='word_1_320' title='bbox 1214 3922 1397 3992; x_wconf 80' lang='lat' dir='ltr'><strong>Adsidebat</strong></span> 
     </span>
     <span class='ocr_line' id='line_1_38' title="bbox 212 4027 861 4122; baseline 0 -30"><span class='ocrx_word' id='word_1_321' title='bbox 212 4028 309 4114; x_wconf 86' lang='lat' dir='ltr'><strong>pedes</strong></span> <span class='ocrx_word' id='word_1_322' title='bbox 331 4049 413 4094; x_wconf 86' lang='lat' dir='ltr'><strong>uxor</strong></span> <span class='ocrx_word' id='word_1_323' title='bbox 435 4037 469 4096; x_wconf 91' lang='lat' dir='ltr'><strong>et</strong></span> <span class='ocrx_word' id='word_1_324' title='bbox 490 4049 600 4096; x_wconf 84' lang='lat' dir='ltr'><strong>mensa</strong></span> <span class='ocrx_word' id='word_1_325' title='bbox 622 4049 724 4122; x_wconf 82' lang='lat' dir='ltr'><strong>vacua</strong></span> <span class='ocrx_word' id='word_1_326' title='bbox 744 4027 861 4114; x_wconf 89' lang='lat' dir='ltr'><strong>posita.</strong></span> 
     </span>
    </p>

    <p class='ocr_par' dir='ltr' id='par_1_8' title="bbox 212 4125 1397 4435">
     <span class='ocr_line' id='line_1_39' title="bbox 300 4125 1397 4221; baseline 0 -21"><span class='ocrx_word' id='word_1_327' title='bbox 300 4133 332 4218; x_wconf 87' lang='grc'><strong>2)</strong></span> <span class='ocrx_word' id='word_1_328' title='bbox 377 4133 454 4199; x_wconf 91' lang='lat' dir='ltr'><strong>Luc.</strong></span> <span class='ocrx_word' id='word_1_329' title='bbox 479 4142 507 4200; x_wconf 81' lang='lat'><strong>5.</strong></span> <span class='ocrx_word' id='word_1_330' title='bbox 531 4157 555 4200; x_wconf 91' lang='lat' dir='ltr'><strong>s.</strong></span> <span class='ocrx_word' id='word_1_331' title='bbox 578 4133 600 4199; x_wconf 92' lang='lat' dir='ltr'><strong>f.</strong></span> <span class='ocrx_word' id='word_1_332' title='bbox 645 4131 700 4200; x_wconf 85' lang='grc' dir='ltr'><strong>καὶ</strong></span> <span class='ocrx_word' id='word_1_333' title='bbox 724 4134 828 4210; x_wconf 77' lang='grc' dir='ltr'><strong><em>ταῦτα</em></strong></span> <span class='ocrx_word' id='word_1_334' title='bbox 856 4129 961 4220; x_wconf 76' lang='grc' dir='ltr'><strong><em>λέγων</em></strong></span> <span class='ocrx_word' id='word_1_335' title='bbox 986 4127 1074 4221; x_wconf 81' lang='grc' dir='ltr'><strong><em>πρὸς</em></strong></span> <span class='ocrx_word' id='word_1_336' title='bbox 1099 4126 1242 4214; x_wconf 74' lang='grc' dir='ltr'><strong><em>ἐμαυτὸν</em></strong></span> <span class='ocrx_word' id='word_1_337' title='bbox 1268 4125 1397 4220; x_wconf 75' lang='grc' dir='ltr'><strong>εἰσῄειν</strong></span> 
     </span>
     <span class='ocr_line' id='line_1_40' title="bbox 213 4227 1396 4330; baseline -0.002 -26"><span class='ocrx_word' id='word_1_338' title='bbox 213 4227 337 4328; x_wconf 77' lang='lat' dir='ltr'><strong>oilcoda.</strong></span> <span class='ocrx_word' id='word_1_339' title='bbox 368 4235 508 4328; x_wconf 74' lang='grc' dir='ltr'><strong><em>τὸνμὲν</em></strong></span> <span class='ocrx_word' id='word_1_340' title='bbox 530 4228 589 4306; x_wconf 82' lang='grc' dir='ltr'><strong>οὖν</strong></span> <span class='ocrx_word' id='word_1_341' title='bbox 602 4233 789 4330; x_wconf 76' lang='grc' dir='ltr'><strong><em>Ἵππαρχον</em></strong></span> <span class='ocrx_word' id='word_1_342' title='bbox 811 4230 851 4304; x_wconf 83' lang='lat' dir='ltr'><strong>od</strong></span> <span class='ocrx_word' id='word_1_343' title='bbox 873 4233 1057 4319; x_wconf 76' lang='grc' dir='ltr'><strong><em>κατέλαβον</em></strong></span> <span class='ocrx_word' id='word_1_344' title='bbox 1079 4229 1115 4300; x_wconf 74' lang='grc' dir='ltr'><strong>ἐν</strong></span> <span class='ocrx_word' id='word_1_345' title='bbox 1136 4236 1178 4322; x_wconf 74' lang='grc' dir='ltr'><strong>τῇ</strong></span> <span class='ocrx_word' id='word_1_346' title='bbox 1200 4227 1291 4324; x_wconf 71' lang='grc' dir='ltr'><strong><em>οἰκίᾳ</em></strong></span> <span class='ocrx_word' id='word_1_347' title='bbox 1315 4227 1396 4302; x_wconf 76' lang='grc' dir='ltr'><strong>οὐδὲ</strong></span> 
     </span>
     <span class='ocr_line' id='line_1_41' title="bbox 212 4364 638 4435; baseline 0.005 -28"><span class='ocrx_word' id='word_1_348' title='bbox 212 4365 271 4435; x_wconf 65' lang='grc' dir='ltr'><strong>νην</strong></span> <span class='ocrx_word' id='word_1_349' title='bbox 292 4364 439 4429; x_wconf 72' lang='lat' dir='ltr'><strong>perarua.</strong></span> <span class='ocrx_word' id='word_1_350' title='bbox 553 4407 556 4422; x_wconf 83' lang='grc'><em>,</em></span> <span class='ocrx_word' id='word_1_351' title='bbox 635 4416 638 4424; x_wconf 57' lang='grc'><em>,</em></span> 
     </span>
    </p>
   </div>
   <div class='ocr_carea' id='block_1_5' title="bbox 0 0 1446 4698">
    <p class='ocr_par' dir='ltr' id='par_1_9' title="bbox 0 0 1446 4698">
     <span class='ocr_line' id='line_1_42' title="bbox 0 0 1446 4698; baseline 0 0"><span class='ocrx_word' id='word_1_352' title='bbox 0 0 1446 4698; x_wconf 95' lang='lat' dir='ltr'><strong> </strong></span> 
     </span>
    </p>
   </div>
  </div>
 </body>
</html>
