2878 4698
549 165 762 228 ...13-

17 348 19 352 ’
65 356 100 402 sc
132 333 243 402 mirari
268 332 359 412 dixit,
380 331 466 417 quod
496 332 644 418 magicae·
669 332 750 398 artis
777 329 897 400 consui
919 351 1043 398 summo
1069 332 1245 405 bestiarum

67 437 231 522 supplicio,
270 435 356 522 magi
390 435 454 520 ipsi
490 434 608 502 leviore
645 434 853 502 cremationis
888 454 993 520 poena
1022 433 1245 506 adficerentur.

66 540 131 605 Alii
140 546 254 606 autem
268 538 437 619 viriduni,
460 542 498 602 ut
512 537 644 623 Rein1),
666 538 700 602 iu
714 538 810 610 Pauli
829 538 936 606 verbis
957 537 1038 604 nibil
1058 541 1245 624 mutandum

65 663 137 710 esse
171 646 374 728 putaverunt.
402 640 532 724 »Neque
562 643 670 706 tamen
706 641 877 726 quisquam
910 639 1099 724 dignoscere
1130 643 1245 727 potuit,

65 754 174 813 utrum
204 747 278 832 ipsa
299 743 486 810 Oaraoallae
516 747 635 824 aetate,
664 755 728 827 que
750 744 886 810 Paulum
910 744 1012 810 'fnisse
1034 749 1173 826 constat,
1205 765 1249 810 an

64 849 166 914 multo
195 855 292 916 antes
317 852 404 914 esset
429 846 500 931 lege
530 849 698 926 sancitum,
733 853 770 910 ut
800 851 887 932 megi
912 847 988 932 igne
1016 853 1248 912 cremarentur.

66 953 182 1036 ltaque
217 951 377 1018 onmium
407 971 429 1015 a
457 949 639 1014 Domitiano
670 968 726 1014 eos
757 949 800 1014 ed
827 950 947 1018 bestias
976 952 1146 1016 damnatos
1176 969 1249 1016 esse

66 1057 212 1135 sciamus,
246 1071 377 1120 oausam
409 1071 474 1117 uon
506 1052 613 1134 video,¹
642 1073 700 1130 cur
734 1059 810 1117 ante
842 1051 1040 1120 Garamum
1073 1053 1249 1138 prinoipem

66 1159 153 1223 vivos
187 1177 243 1222 eos
272 1161 403 1222 exustos
429 1173 502 1220 esse
532 1174 692 1238 negemus
738 1154 826 1232 Quae
846 1175 926 1230 ,cnm
941 1157 1000 1220 ,ite
1028 1156 1093 1220 sint
1124 1175 1177 1220 ex-
1191 1155 1250 1234 eis,
1300 1170 1304 1251 r

65 1281 150 1344 quae
164 1261 200 1326 in
213 1260 303 1328 nuno
320 1259 361 1324 de
375 1256 454 1324 urbe
470 1257 706 1337 Thessalonica,
729 1257 768 1322 de
787 1257 986 1342 proconsulis
1008 1258 1247 1335 intercessione,
1298 1264 1304 1368 ,¹

69 1365 110 1428 de
137 1363 198 1430 des
222 1363 324 1448 Syrie,
353 1361 393 1425 de
420 1359 634 1426 veneficorum
659 1379 764 1444 poena
788 1360 932 1446 legimus,
960 1359 1060 1424 libelli
1082 1353 1248 1425 auctorem
1292 1378 1298 1416 1

67 1465 170 1532 luisse
201 1471 336 1551 apparet
362 1483 467 1547 neque
490 1469 568 1530 ante
596 1463 812 1530 Domitianum
838 1463 1061 1544 Traianumve‚
1089 1464 1145 1546 qui
1169 1462 1248 1528 libe·

68 1589 180 1634 rarum
214 1569 377 1635 civitatum
412 1569 484 1632 iura
518 1565 743 1643 imminuerint,
775 1585 879 1650 neque
906 1569 981 1652 post
1005 1566 1137 1665 Imperr.
1165 1563 1247 1631 Gon·
1342 1620 1344 1653 :

66 1671 241 1737 stantinum
281 1670 551 1748 Constantianos,
590 1670 644 1752 qui
675 1673 889 1754 vpaganorum
931 1661 1026 1734 saera
1066 1674 1099 1732 et
1132 1673 1247 1752 super·
1340 1662 1343 1675 ’

66 1773 214 1840 stitiones
248 1773 376 1858 publice
408 1771 637 1856 prohibuerint.
681 1771 790 1837 Facile
821 1777 928 1836 autem
953 1770 1139 1850 ridebimus,
1168 1769 1247 1838 nihil

65 1879 207 1956 obstare,
231 1877 402 1961 quominus
427 1873 570 1942 fabulam
592 1874 725 1942 luciani
751 1881 859 1941 aetate
891 1875 1045 1960 scriptam
1078 1895 1149 1942 esse
1176 1894 1247 1942 oen·

65 1999 203 2048 neamus.
448 2037 452 2044 .
762 2035 763 2040 ,
975 2027 979 2034 -
1303 2029 1319 2049 ,‚

156 2082 215 2148 His
237 2081 413 2166 exploretis
434 2085 637 2146 transeamus
660 2083 702 2148 ad
720 2081 991 2148 necessitudinem
1017 2079 1246 2166 exponendum,
1305 2114 1308 2185 3

66 2205 152 2271 quae
182 2181 395 2251 interlibelli
416 2188 587 2264 ¹auctorem
614 2189 650 2248 et
676 2184 757 2252 ulios
785 2187 963 2268 scriptores
984 2184 1161 2265 intercedit,
1192 2184 1247 2268 qui
1336 2223 1363 2235 --

67 2288 206 2356 eandem
232 2285 448 2352 narrationem
475 2285 687 2353 tradiderunt.
732 2287 814 2352 Nam
841 2287 868 2352 si
896 2307 935 2352 er
959 2287 1142 2354 fabularum
1163 2305 1247 2352 com·

67 2392 237 2476 paratione
264 2407 505 2472 cognoscamus,
533 2410 630 2472 quom
655 2390 898 2458 internecioni
922 2409 1021 2474 opera
1040 2390 1114 2476 legi
1127 2380 1246 2471 soleat,

68 2513 142 2560 eam
161 2511 241 2558 esse
257 2490 481 2570 3nosiesimam,
513 2491 609 2556 facile
631 2492 776 2559 accidere
797 2490 909 2577 possit,
930 2497 970 2558 ut
989 2499 1047 2558 sut
1066 2501 1247 2576 temporum

68 2596 179 2661 ordine
215 2593 449 2678 prohibeemur,
484 2593 661 2677 quominus*
687 2595 718 2660 ei
748 2594 953 2664 tribuendam
966 2587 1072 2674 [essm
1092 2595 1248 2676 dieamus
1318 2596 1320 2599 ’

67 2706 125 2764 aut
145 2697 246 2782 ipsius
261 2693 395 2760 Luciam
416 2695 551 2782 ingenio.
583 2697 695 2784 Neque
716 2697 801 2762 euim
823 2703 874 2764 est
895 2696 1062 2778 credibile,
1079 2691 1150 2763 esum
1170 2701 1246 2782 post

67 2801 262 2884 Appuleium
294 2799 360 2866 tale
394 2799 571 2884 qmdquam
604 2821 792 2884 componere
824 2803 966 2885 potuisse
996 2808 1053 2866 aut
1084 2801 1245 2867 hominem

66 2903 157 2967 illum
182 2902 432 2978 eruditissimum
460 2907 493 2966 et
519 2903 791 2988 elegantissimum
818 2923 858 2970 ex
882 2903 994 2970 alienis
1023 2903 1135 2980 hortis,
1153 2903 1246 2989 quasi

68 3004 219 3070 flosculos
243 3003 409 3088 collegisse
431 2999 637 3091 integrosque
658 3007 692 3072 in
712 3029 787 3074 suos
808 3008 982 3082 rettulisse.
1070 2999 1081 3078 ,ἶ
1134 3035 1137 3042 ’

155 3106 226 3172 Duo
254 3113 364 3174 eutem
390 3106 486 3174 hodie
516 3129 644 3194 quoque
663 3109 737 3182 libri
755 3116 893 3191 exstent,
920 3113 975 3196 qui
995 3109 1085 3176 illam
1103 3107 1247 3176 fabulum

68 3207 161 3276 nobis
187 3207 329 3290 tradunt,
358 3209 490 3276 Lucisni
507 3215 541 3277 et
557 3211 715 3296 Appuleir',
731 3213 870 3280 virormn
882 3213 1113 3303 propemodum
1127 3231 1247 3298 aequa·

66 3313 154 3378 lium.
199 3311 363 3379 Habemus
399 3312 514 3379 deinde
545 3314 654 3381 Photii
683 3315 840 3401 (biblioth.
873 3317 1061 3401 ood.·129.·)
1087 3317 1244 3396 notitiam,

68 3435 131 3500 qua
147 3483 150 3490 ,
167 3415 458 3483 recursurum
480 3419 795 3504 ‘metamorphoseon
818 3419 929 3486 libros
970 3421 1161 3504 complures,
1205 3438 1246 3484 ex

68 3519 184 3602 quibus
209 3520 273 3584 duo
296 3519 386 3584 Lucii
411 3519 450 3608 ⁸in
475 3521 600 3586 asinum
617 3523 772 3606 conversi
799 3521 946 3590 fortunas
975 3521 1204 3602 describerent,
1225 3537 1246 3588 a

69 3643 102 3687 se
126 3621 286 3706 perlectos
312 3641 382 3688 esse
404 3622 583 3708 profitetur.
626 3625 727 3704 Quem
754 3633 920 3694 auctorem
949 3626 1145 3704 Patremon,
1174 3645 1246 3690 oum

68 3725 157 3790 nullo
173 3725 237 3794 alio
260 3723 331 3792 looo
346 3727 414 3791 eius
428 3725 487 3792 fiat
506 3728 636 3809 mentio,
662 3727 845 3814 Wieland2)
868 3730 995 3794 omniuo
1017 3730 1117 3796 fuisse
1138 3733 1246 3814 negat,

71 3829 128 3892 sed
150 3829 266 3894 nomen
289 3827 319 3893 ei
341 3833 374 3894 et
396 3829 542 3913 spiritum
564 3851 605 3897 ex
626 3854 664 3899 eo
684 3835 811 3898 tontum
834 3852 905 3898 esse
927 3833 1246 3913 netumnrbitratur,

69 3930 157 4016 quod
192 3931 323 4013 iuvenis,
360 3933 416 4017 qui
450 3933 591 4000 fabulam
627 3955 763 4003 narrans
795 3935 1017 4016 introducitur,
1039 3935 1113 4002 ‘eibi
1147 3935 1246 4001 Lucio

71 4055 186 4101 nomen
207 4037 408 4122 patriamque
432 4053 518 4105 'esse
554 4039 669 4108 Patres
705 4034 881 4125 praedicet.
931 4039 995 4106 Sed
1029 4041 1181 4126 quoniam
1203 4039 1245 4106 ad

74 4193 273 4208 bunna—hd-

140 4275 162 4346 ¹)
197 4263 362 4335 Bimisches
380 4281 603 4341 Criminalrecht.
621 4305 648 4359 p.
666 4287 718 4344 940
736 4307 796 4362 sqq.

138 4361 161 4434 ¹)
196 4365 232 4422 ln
247 4367 376 4424 malet.
394 4383 471 4440 oper.
488 4373 605 4435 lantiam
623 4381 690 4432 tomi
707 4377 758 4446 1v,
774 4397 802 4450 p.
820 4380 887 4450 2293
904 4395 970 4454 pag.
988 4379 1041 4436 uer
1056 4395 1117 4452 sqq.
