2878 4698
221 205 224 214 ’
282 161 449 302 ΜΞ
486 132 761 350 5⁵13]le
839 206 862 271 7
973 225 983 245 ·
1223 230 1230 240 ·

118 350 121 360 ,
172 277 209 345 τί
243 277 435 350 δεινότατον
464 283 490 348 Ρ
519 289 581 350 eat.
617 289 667 350 35.
697 267 735 352 ci
759 281 802 352 δὲ
824 278 1001 366 αἴσχιστον.
1029 283 1168 368 Menipp.
1196 289 1225 349 4.
1253 281 1353 368 'Jupp

171 390 254 470 trag.
281 388 337 450 14:
359 381 398 450 τὸ
420 377 641 454 ἀτοπώτατον
662 387 727 452 dial
749 387 836 456 deor.
860 391 909 467 20,
930 389 982 452 13.
1004 377 1045 454 τὸ
1067 385 1104 452 δὲ
1124 385 1283 473 μέγιστον
1298 385 1355 472 (cl.

173 487 261 552 Thuc
428 487 448 572 .)
471 487 574 552 Huius
590 489 637 554 rei
652 489 716 556 tria
729 489 883 556 habemus
897 489 930 554 in
946 489 1036 556 asino
1052 486 1208 572 exempla:
1232 508 1300 572 cap.
1320 493 1353 552 6:

172 612 230 654 και
250 586 364 677 τὰπαρ
389 587 595 668 αδοξότατον
615 597 665 660 44.
688 583 941 660 ἀκινδυνότατον
961 595 1001 658 48
1024 587 1062 656 τὸ
1085 590 1122 656 δὲ
1143 587 1309 674 μέγιστον.

42 707 151 864 Χ
220 711 289 825 ἑ
328 707 466 774 Maxime
487 729 563 775 vero
585 710 819 794 respiciendum
841 711 918 778 mihi
940 710 1075 788 videtur,
1098 711 1256 793 quamsit
1278 731 1355 776 con·

43 861 45 866 .
172 810 287 878 similis
308 809 542 894 particularum
563 832 641 878 usus
668 813 702 878 iu
729 813 820 880 asino
850 817 884 877 ct
904 813 937 877 in
960 812 1032 880 aliis
1054 810 1188 878 Luciani
1211 811 1352 896 seriptis.

173 913 271 979 Nulla
293 911 376 977 enim
398 933 433 976 re
456 911 580 978 facilius
602 916 806 1000 perspicitur,
828 935 910 999 quae
933 915 975 984 sit
989 914 1083 982 unius
1107 914 1259 998 cuiusque
1273 915 1356 979 scri-

173 1014 276 1102 ptoris
291 1015 423 1098 propria
445 1016 560 1095 oratio,
583 1009 730 1100 quamsi
751 1018 927 1101 quaeritur,
948 1016 1110 1100 quomodo
1131 1017 1166 1082 in
1186 1017 1357 1102 particulis

179 1115 372 1201 usurpandis
395 1119 428 1182 el
450 1118 624 1184 enuntiatis
647 1120 849 1203 consolandis
872 1121 915 1186 sit
935 1123 1091 1186 versatus.

134 1222 200 1315 Υ
260 1237 294 1320 a)
330 1235 380 1301 Ac
400 1235 537 1319 primum
560 1237 688 1320 quidem
710 1231 797 1335 ἄλλα
819 1239 1014 1322 particulam
1035 1239 1212 1306 aLuciano
1227 1237 1356 1322 saepius

178 1341 262 1423 poni,
286 1337 342 1404 ubi
364 1337 437 1422 quis
460 1339 525 1405 sive
548 1339 655 1405 dicere
672 1341 737 1407 sive
759 1339 953 1424 respondere
976 1345 1169 1430 coeperitl),
1192 1363 1233 1406 ex
1255 1342 1355 1405 omni-

14 1391 120 1538 1p40l12
175 1441 235 1506 bus
257 1440 347 1506 libris
369 1439 464 1505 facile
485 1441 701 1526 intelligimus.
746 1441 860 1526 ltaque
892 1446 991 1509 etiam
1017 1448 1051 1512 in
1073 1446 1171 1512 Lucio
1196 1443 1355 1508 eiusmodi

17 1547 25 1662 l
36 1595 74 1646 Μ
93 1555 147 1628 13»ss
176 1543 324 1627 exempla
344 1541 438 1608 nobis
461 1549 643 1610 occurrunt.
668 1565 736 1628 cap.
760 1549 787 1610 2.
811 1537 884 1610 ἀλλ’
908 1541 926 1612 ὁ
948 1544 1010 1630 μὲν
1024 1545 1186 1636 φίλτατος
1201 1533 1237 1609 εὗ
1253 1547 1357 1636 ποιεῖ.

12 1663 20 1726 1
261 1651 290 1711 4.
328 1636 415 1710 ἄλλά
448 1666 504 1712 σοι
534 1643 596 1729 μὲν
627 1643 737 1733 πολλὴ
769 1641 878 1736 χάρις.
907 1653 936 1716 8.
970 1643 1036 1716 ἄλλ’
1066 1642 1236 1723 ἐπίταττε,
1278 1637 1359 1734 ἔφη.

62 1740 67 1754 ⁸
184 1773 233 1832 20.
257 1757 345 1830 σἰλλά
367 1762 479 1830 πάντα
502 1757 647 1854 εὐτρεπῆ
667 1759 752 1846 ὑμῖν.
767 1769 824 1844 39,
850 1759 938 1834 ἀλλὰ
958 1763 1042 1856 μήτε
1066 1761 1278 1854 ἄπόθνησκε.

176 1921 184 1926 .
262 1867 297 1947 b)
321 1862 405 1932 ὥστε
437 1867 596 1950 particula
627 1889 854 1953 nonnunquam
882 1871 916 1936 in
937 1871 1072 1937 Luciani
1101 1869 1229 1952 scriptis
1255 1869 1358 1952 impe-

176 1971 283 2035 rativo
318 1973 375 2034 aut
397 1968 612 2047 coniunctivo,
647 1971 703 2053 qui
730 1977 864 2036 vocatur
892 1973 1105 2053 adhortative,
1132 1975 1189 2037 aut
1216 1970 1360 2054 optativo

22 2028 103 2154 ξιλ·Π
175 2071 392 2156 anteceditllz
423 2070 517 2135 Char.
549 2078 576 2136 7.
607 2065 692 2137 ὥστε
726 2067 934 2162 apollinari
961 2099 1013 2158 με.
1051 2075 1172 2140 Timon.
1196 2078 1245 2138 39.
1273 2065 1359 2138 ὥστε

105 2183 108 2190 “
174 2167 384 2262 ξυνδιάτριβε
414 2163 505 2259 αὐτῷ
532 2174 623 2260 Iupp.
651 2175 734 2242 conf.
764 2181 789 2241 l.
817 2169 902 2241 ὥστε
934 2176 1054 2266 ἐρώτα.
1089 2177 1179 2260 Iupp.
1213 2181 1295 2258 trag.
1329 2181 1359 2239 7.

173 2270 259 2342 ὥστε
273 2273 404 2354 καθιζε
418 2266 548 2352 αὐτοὺς.
573 2283 622 2342 26.
645 2271 731 2342 ὥστε
743 2275 790 2365 μή
813 2275 1022 2366 perspicaciori.
1046 2279 1157 2356 Quom.
1186 2278 1252 2342 hist
1274 2277 1359 2342 scrib

175 2383 224 2443 33.
247 2369 332 2441 ὥστε
354 2371 534 2458 οἰκοδόμοι.
556 2415 599 2426 -
622 2372 706 2445 ὥστε
728 2401 801 2446 cum
823 2382 920 2446 ocni:
949 2381 1027 2448 Tim.
1058 2387 1108 2446 46.
1138 2373 1224 2446 ὥστε
1255 2375 1359 2460 δεχώ-

173 2481 277 2562 μεθα.
299 2515 340 2526 -
364 2476 447 2546 Gall.
472 2481 521 2546 13.
544 2473 629 2548 dicte
651 2476 685 2548 τί
706 2473 748 2549 ilo
770 2476 929 2572 φθάνοις.
953 2523 991 2532 ·-

259 2597 347 2662 Asin.
370 2603 398 2663 6.
422 2593 516 2678 ὥστε,
540 2599 627 2690 πρὸς
647 2603 754 2681 θεῶν,
777 2595 874 2668 λἀσαί
887 2626 938 2684 με.
967 2608 1016 2667 25.
1041 2596 1126 2667 ὥστε
1149 2593 1359 2686 ἀμυνώμεθα

175 2697 236 2785 τὴν
258 2693 434 2780 πολεμίαν.

259 2801 371 2882 Neque
405 2803 568 2890 discrepat
605 2807 646 2874 ab
684 2795 827 2873 oratione
861 2805 1034 2880 Lucianea‚
1076 2801 1163 2886 quod
1201 2802 1235 2864 in
1276 2805 1358 2868 asin.

110 2937 112 2942 s
175 2925 244 2986 cap.
273 2909 324 2971 29.
353 2903 505 2988 legimus:
536 2903 677 2996 φορτίον
711 2905 792 2976 ὅσον
821 2903 970 2988 χαλεπὸν
997 2897 1084 2972 εἶναι
1115 2901 1172 2970 καὶ
1198 2900 1362 2992 ἐλέφαντι

175 3002 325 3090 ἐνεγκεῖν,
368 3005 459 3072 Idem
493 3009 574 3074 enim
608 3009 798 3076 vocabulum
835 3004 916 3075 ὅσον
950 3011 1097 3093 sequitur
1124 3004 1297 3072 infinitivus
1324 3009 1359 3074 in
1433 3077 1434 3088 χ

97 3165 103 3172 .
173 3127 274 3172 muse.
301 3128 421 3180 encom.
449 3133 518 3194 cap.
552 3120 577 3177 1.
611 3105 692 3178 ὅσον
722 3107 842 3193 ἐμπίσι
875 3107 932 3176 καὶ
960 3107 1101 3200 κώνωψι
1124 3106 1360 3196 παραβάλλειν

174 3208 224 3274 bis
248 3229 354 3277 accus.
388 3217 414 3274 l.
439 3203 511 3276 οὐδ’
535 3209 616 3280 ὅσον
637 3213 829 3300 κνήσασθαι
850 3209 888 3280 τὸ
912 3202 979 3290 οὖς.
1016 3211 1055 3276 of.
1080 3211 1183 3290 Quom
1209 3211 1286 3275 hist.
1308 3217 1359 3278 37.

178 3306 251 3396 οἷος
269 3316 468 3408 χρήσασθαι
490 3306 540 3380 iio.
570 3321 620 3381 37.
633 3305 713 3380 odo'
738 3304 809 3392 οἷος
831 3309 1000 3382 πιστεύειν
1022 3307 1072 3382 43.
1096 3301 1152 3381 οἷα
1175 3313 1359 3402 δηλοῦντὸ

176 3414 407 3506 ὑποκείμενον.

228 3583 230 3586 -
262 3563 288 3606 c.
324 3543 469 3624 Itemque
490 3537 647 3604 voeabula
664 3527 801 3626 πρὶν-ἢ
817 3557 882 3602 non
896 3536 992 3602 modo
1013 3537 1047 3600 in
1063 3536 1160 3616 Lucio
1182 3535 1238 3602 sed
1260 3535 1359 3600 etiam

175 3646 210 3710 in
231 3643 302 3708 aliis
320 3641 454 3708 Luciani
474 3639 566 3706 libris
588 3659 661 3704 cum
682 3638 838 3704 infinitivo
861 3641 1031 3706 coniuncta
1052 3639 1263 3706 inveniuntur.
1308 3639 1359 3702 Ea

177 3747 274 3822 enim,
302 3765 384 3830 quae
406 3741 492 3827 apud
515 3742 690 3824 scriptores
711 3743 836 3808 Atticos
863 3763 977 3826 parum
1005 3742 1128 3809 usitata
1159 3741 1259 3806 fuisse
1282 3761 1356 3806 con-

177 3847 285 3913 firmat
307 3847 634 3932 Kruegerptgramm.
660 3851 708 3924 69,
732 3849 788 3924 58,
811 3850 885 3926 not,
907 3844 961 3910 ubi
983 3843 1160 3910 Hermanni
1181 3844 1224 3909 ad
1247 3844 1357 3928 Eurip.

180 3949 265 4019 Med.
292 3954 375 4016 1024
396 3949 636 4015 adnotationem
658 3948 839 4034 adscripsit)
861 3947 1041 4016 LDindorf
1060 3947 1187 4032 saepius
1210 3968 1231 4012 s
1252 3967 1359 4012 recen-

1234 4039 1351 4086 Μαί

247 4207 269 4278 ¹)
288 4207 323 4262 cf.
341 4205 481 4280 Krueger,
499 4211 649 4278 grammat.
667 4207 736 4280 ling.
756 4223 796 4280 gr.
815 4205 856 4272 69,
873 4203 901 4275 4,
919 4205 944 4259 4.

247 4293 269 4364 ²)
287 4293 323 4350 de
340 4311 397 4366 qua
414 4311 446 4350 re
463 4295 560 4351 videas
577 4293 674 4366 Viget.
693 4292 737 4352 ed.
754 4296 849 4350 Herm.
866 4307 894 4364 p.
913 4290 991 4348 5585.
