2878 4698
661 185 892 271 ¹---ac--

198 349 586 438 aeneasannos
616 359 658 422 et
680 353 732 424 bis
764 355 985 440 similibusque
1021 351 1258 422 narrationibus
1286 349 1386 418 Lucii

199 455 411 548 animumne
440 455 581 540 portenti
602 456 735 524 adonius
758 458 885 534 ‚visendi
906 455 1228 544 cupiditatemfaeile
1245 453 1387 524 incitari

197 579 292 644 posse
316 558 552 640 confitebimur,
581 581 646 644 qua
672 560 886 628 inflammatus
909 559 1086 628 aLucisue
1106 560 1189 644 (cap.
1206 558 1266 643 dd·
1280 556 1387 625 intro-

199 661 334 738 ducitur,
362 699 399 712 ·-
433 667 540 730 tsmen
569 685 609 732 ox
632 665 683 732 his
704 665 842 752 melego·
863 685 964 750 posse.
980 662 1179 746 negabimus,
1200 659 1387 728 Lucianum

198 765 340 838 auctoris
368 765 453 836 illius
475 767 640 835 Patrensis
661 767 762 836 libros
785 769 985 854 epitomasse.
1029 765 1159 833 Etenim
1180 764 1209 830 si
1228 764 1301 848 quie
1324 782 1387 848 pu·

197 869 315 936 tavent
344 887 476 939 necesse
514 868 614 938 tuisse
646 871 773 938 fabulas
800 871 998 958 prodigiosas
1026 869 1202 953 interponi,
1224 873 1268 932 nt
1292 865 1387 930 unde

198 977 287 1038 mota
308 979 396 1041 esset
415 973 540 1040 iuvenis
555 975 637 1046 mira
652 975 821 1060 cupiditas,
844 976 999 1042 certiores
1020 970 1179 1050 fieremus,
1196 975 1261 1056 'ego
1282 969 1387 1034 talem

198 1095 329 1144 causam
351 1075 474 1164 adferri
496 1097 577 1162 opus
599 1100 667 1146 non.
682 1079 782 1146 fuisse
796 1079 949 1156 dixerim,
972 1070 1387 1142 oum‘lhessslieomnlie-

198 1199 250 1244 res
283 1179 347 1245 iem
380 1185 456 1249 ante
482 1181 617 1252 Luciani
651 1185 792 1248 aetatem
822 1185 947 1250 tautam
978 1179 1059 1245 artis
1083 1173 1386 1262 magnanimem

198 1281 291 1366 apud*
308 1300 419 1348 omnes
436 1283 571 1369 adeptae
588 1292 710 1366 essent,
732 1291 769 1352 ut
789 1286 932 1352 homines
953 1283 996 1348 in.
1010 1281 1094 1348 hano
1113 1287 1233 1346 terram
1248 1277 1387 1363 iprolici-

199 1386 523 1472 scentoseiusigneri
547 1408 617 1454 esse
639 1411 702 1460 non
724 1393 862 1475 possent.
893 1386 948 1470 (of
976 1385 1106 1452 Horatii
1126 1383 1215 1450 locun
1237 1381 1386 1465 complu-

198 1489 378 1569 rell»Suid
409 1507 490 1556 sav.
517 1488 666 1580 semoto}
694 1493 782 1580 γυνή,
812 1492 867 1572 ubi
898 1489 1123 1574 Aristophanis
1144 1485 1384 1567 rorbducNubb.

199 1595 270 1672 748,
294 1592 443 1676 explicat,
466 1593 582 1680 Pauly,
605 1594 912 1682 Resleneyelop'ddie
933 1593 990 1660 des
1011 1593 1056 1659 kl.
1076 1593 1113 1657 A.
1136 1613 1162 1656 s.
1186 1588 1382 1672 v.·riragia.).

139 1734 141 1738 .
200 1695 318 1778 ltaque
339 1696 367 1761 s'i
388 1701 476 1762 reete
495 1698 687 1780 iudicamus,
710 1697 848 1764 fabellas
864 1696 1159 1782 utospmutgiosas
1182 1711 1264 1777 quas
1278 1691 1383 1756 viato-

199 1804 422 1882 resnarnant,
451 1800 516 1866 iam
544 1801 583 1866 in
598 1801 689 1868 Lucii
708 1801 799 1868 libris
820 1801 976 1882 extitisse,
996 1797 1095 1866 facile
1117 1797 1188 1863 fieri
1207 1793 1323 1881 potuit,
1346 1799 1385 1860 ut

199 1921 258 1966 eae
278 1900 412 1969 Luciani
434 1904 555 1987 verbis,
583 1906 727 1990 quemvis
750 1906 858 1972 emnia
879 1907 994 1990 aperte
1015 1908 1048 1969 et
1069 1902 1166 1987 plana
1187 1903 1313 1978 essent,
1337 1899 1384 1962 in·

199 2009 382 2070 sererentur
404 2027 425 2071 s
446 2005 555 2087 Lucio,
578 2007 708 2075 nimiam
731 2007 887 2074 narrandi
908 2005 1167 2092 perspicuitatem
1190 2006 1326 2067 sectato.

218 2150 221 2159 «
253 2111 258 2165 3
286 2111 318 2189 2)
344 2107 870 2194 ‚.Mu1ro2ologonoiuoenrobus,
899 2129 982 2194 quas
1002 2109 1045 2175 ab
1066 2105 1224 2193 Appuleio
1251 2103 1383 2168 additas

199 2229 272 2275 esse
299 2216 440 2287 monor,
474 2235 495 2278 a
512 2213 621 2278 *Lucio
652 2212 1107 2294 estadiunotum,.l10minem
1129 2206 1275 2274 illumin
1297 2205 1383 2270 asini

199 2305 334 2378 formam
362 2320 519 2380 mutatum
547 2321 719 2400 postquam
747 2317 783 2380 in·
811 2314 972 2385 stabulum
1000 2311 1382 2388 succubuissemus,

200 2413 313 2498 quibus
339 2417 472 2502 Eponae
503 2418 587 2484 deae
611 2419 735 2503 signum
766 2425 955 2486 exornatum
978 2422 1073 2496 esset,
1097 2413 1264 2481 comedere
1279 2429 1382 2476 cona-

199 2522 268 2581 tum
286 2517 425 2605 ideoque
448 2541 470 2586 a
490 2521 617 2588 servulo
638 2521 756 2588 misere
778 2528 908 2589 tensum
930 2541 1011 2587 osse.
1057 2519 1152 2606 (App.
1174 2515 1226 2582 III
1240 2535 1273 2600 p.
1290 2512 1378 2598 226.)

201 2618 269 2683 Sed'
286 2622 384 2687 etiam
408 2623 469 2689 boe
490 2623 561 2690 loeo
583 2645 647 2690 non
668 2625 763 2690 modo
783 2624 958 2692 Lucienum
976 2619 1077 2689 fuisse
1092 2622 1283 2706 scriptorem
1298 2616 1383 2700 prie-

200 2743 269 2787 rem
293 2727 522 2808 cognoscimus,
554 2727 612 2792 sed
640 2727 738 2794 etiam
766 2746 849 2812 quae
870 2719 1137 2811 interpolatorum
1158 2711 1288 2788 fortuna
1309 2739 1383 2784 esse

201 2825 313 2906 solent,
329 2830 545 2913 perspicimus,
563 2829 1006 2902 sumnonnullasansementi
1018 2823 1383 2913 repugnarerideantur.

200 2925 281 2992 Nam
308 2931 444 3013 primurn
466 2932 663 3017 probabilius
686 2939 736 2999 est
758 2935 951 3019 equisonum,
973 2932 1161 3018 priusquam
1182 2927 1301 2994 fustem
1323 2926 1382 2990 ad-

200 3030 330 3113 riperet,
353 3037 503 3120 miratum
526 3034 736 3120 quaesivisse,
767 3037 851 3102 unde
879 3037 1009 3121 ignotus
1032 3035 1140 3100 asinus
1162 3033 1195 3097 in
1218 3027 1382 3096 stabulum

199 3135 351 3214 rennset3
380 3137 509 3219 deiude,
538 3141 624 3224 quod
652 3139 731 3206 haee
753 3141 860 3208 omnia
882 3138 1040 3224 altissima
1055 3140 1163 3200 necte
1191 3133 1280 3198 iacta
1309 3149 1384 3194 esse

201 3243 388 3322 narrantur,
417 3241 503 3324 haud
528 3237 647 3310 iniusti!
673 3243 784 3311 mirari
806 3233 980 3328 pessimus,
1016 3230 1174 3325 quomodo
1201 3237 1235 3302 in
1261 3231 1385 3301 stabuli

202 3339 345 3406 tenebris
366 3341 475 3411 asinus
491 3365 583 3412 rosas
599 3335 908 3431 statim'adspexerit
924 3350 956 3412 et
970 3343 1117 3414 servulus
1132 3340 1229 3408 noctu
1246 3335 1384 3420 vigilans

200 3445 282 3510 asini
303 3446 338 3510 in
359 3447 452 3517 dcem
474 3448 610 3516 facinus·
625 3449 752 3515 uiderit.

200 3579 204 3586 ·
286 3549 325 3641 3),
365 3549 445 3616 Tum
468 3551 656 3637 Appuleium
682 3574 722 3619 ex
744 3551 834 3617 Lucii
860 3549 951 3616 libris
983 3543 1200 3630 desumpsisse
1227 3541 1381 3620 arbitror,

200 3671 282 3736 quae
309 3654 352 3720 de
379 3655 472 3739 pueri
497 3655 614 3740 impuri
645 3653 750 3722 morte
772 3654 882 3720 refert.
927 3651 1020 3718 Hunc
1042 3649 1135 3729 enim,
1159 3667 1230 3714 cnm
1252 3643 1386 3728 quando

199 3756 324 3828 minum
346 3758 379 3821 in
401 3763 524 3824 montes
554 3759 730 3844 abegisset,
760 3777 838 3824 ursa
860 3777 977 3843 magna
999 3755 1178 3822 laceratum
1199 3769 1270 3816 esse
1293 3745 1385 3812 dicit.

102 3887 105 3901 ·
200 3863 269 3940 Quo
298 3861 384 3927 facto
412 3863 714 3930 viatorem¹¹asinum
745 3869 835 3929 metu
863 3859 1044 3946 perculsum
1071 3855 1237 3940 'excepisse
1256 3848 1318 3952 sed
1341 3851 1386 3916 ab

125 3994 130 4049 ;
199 3965 403 4050 equisonibus
434 3957 667 4052 deprehensum
694 3969 729 4032 et
750 3970 937 4032 accusatum
958 3983 1039 4045 esse,
1063 3957 1149 4046 quod
1170 3955 1254 4024 asini
1276 3957 1386 4020 eusto-

197 4063 282 4134 uem?
295 4070 521 4138 interfecisset.
565 4069 612 4138 Re
634 4072 769 4156 deniquo
792 4067 954 4156 patefacta
977 4088 997 4134 a
1018 4061 1111 4151 pueri
1128 4066 1232 4128 matre
1247 4055 1386 4123 Lucium

197 4173 334 4242 summit
352 4175 551 4242 conmmeliis
574 4182 608 4242 et
631 4177 830 4243 eruciatibus
849 4175 1011 4244 adfectum
1034 4187 1114 4235 esse.
1158 4166 1248 4230 Haec
1276 4161 1387 4226 omnia

199 4270 303 4362 tepide
327 4283 412 4348 noos
445 4299 516 4348 esse
543 4281 635 4348 facile
659 4281 886 4362 concesserim,
901 4296 904 4307 ·
917 4279 952 4343 id
974 4279 1083 4341 autem
1101 4267 1298 4356 negaverim,
1315 4266 1388 4330 'Lu-

198 4384 282 4448 eiunr
320 4407 340 4450 a
367 4387 509 4452 Lucieno
527 4404 616 4452 ¹esec
645 4386 869 4472 epitomatum.
925 4378 1097 4446 Adsentior
1126 4374 1209 4442 enim
1233 4367 1388 4435 uouffotii
