2878 4698
643 169 852 228 ...56-

184 331 241 400 nat
260 329 328 400 tat
351 335 416 398 τῶν
439 330 589 416 πενήτων
611 327 830 414 ἐλαυνόμενοι.
852 371 891 380 -
915 335 1113 412 Quamquam
1137 354 1173 396 eo
1196 333 1368 396 temerita-

185 437 227 500 tis
250 455 314 500 non
337 433 542 518 progrediar,
572 439 607 498 ut
635 435 685 498 his
713 435 817 510 verbis
840 435 1018 499 Luciauum
1040 431 1183 498 fabulam
1205 455 1225 498 a
1248 455 1283 498 se
1309 455 1368 499 an-

184 543 239 602 tea
265 538 489 618 compositam,
522 557 618 619 quam
646 537 808 620 inscripsit
836 537 967 600 Lucium
997 537 1068 602 sive
1097 537 1237 614 asinum,
1267 537 1371 619 signi·
1433 611 1434 622 .

185 639 299 704 ficasse
322 638 439 713 dicam,
466 639 501 702 id
526 645 635 702 autem
664 641 727 704 vix&
738 638 816 702 mihi
846 637 997 702 credibile
1025 637 1164 717 ridetur,
1196 643 1370 703 auctorem
1433 637 1434 642 ’

158 739 289 819 illum,
322 741 350 804 si
378 741 654 823 Pythagoreorum
688 735 834 806 doctrina
855 741 1032 823 paullulum
1064 739 1206 804 imbutus
1239 739 1395 828 luisset,¹

124 913 129 923 ‚
185 841 448 908 consuetudinem
471 863 561 906 suam
584 849 615 905 et
642 843 784 906 studium
806 847 872 907 tam
895 843 1040 920 exuisse,
1067 863 1164 926 quam
1186 842 1214 905 si
1236 841 1370 906 illorum

186 945 305 1028 placita
339 964 471 1026 prorsus
503 944 677 1026 ignoraret.
721 945 783 1008 Sed
820 965 891 1008 cum
919 945 1095 1009 Lucianum
1128 943 1236 1008 multis
1272 944 1371 1007 annis

187 1051 358 1129 antequam
382 1045 422 1108 ad
436 1045 676 1128 philosophiam
701 1067 735 1108 se
763 1045 934 1125 conferret,
965 1046 1088 1109 dicendi
1110 1047 1175 1111 arti
1198 1051 1231 1108 et
1251 1043 1371 1107 studiis

187 1149 357 1212 rhetoricis
374 1168 502 1228 operam
526 1147 651 1210 dedisse
667 1147 814 1227 sciamus,
839 1147 1072 1231 anquirendum
1087 1148 1177 1211 nobis
1202 1152 1259 1224 est,
1281 1167 1371 1228 quac

188 1250 380 1315 documenta
410 1256 443 1310 et
481 1248 615 1329 vestigia
648 1249 732 1312 illius
766 1250 864 1313 studii
895 1251 929 1314 in
955 1251 1045 1314 asino
1073 1250 1280 1313 inveniamus.
1324 1247 1373 1311 Et

103 1425 107 1434 ¹
188 1371 381 1435 quamquam
404 1349 537 1414 eandem
560 1351 765 1432 periodorum
786 1352 1027 1417 formandorum
1051 1357 1083 1416 et
1099 1350 1371 1415 conectendarum

189 1453 390 1537 elegantiam,
414 1458 511 1536 atque
533 1453 566 1513 in
589 1454 874 1532 praestantissimis
891 1455 1026 1536 scriptis,
1048 1456 1081 1518 in
1096 1453 1157 1517 hoc
1180 1451 1288 1516 libello
1304 1472 1373 1514 non
1436 1532 1437 1538 ἵ

187 1557 294 1620 inesse
323 1553 479 1631 uidemus,
506 1553 658 1618 nonnulla
684 1559 793 1619 tamen
829 1558 897 1619 sine
930 1557 1026 1621 dubio
1059 1555 1149 1618 nobie
1184 1559 1372 1630 occurrunt,

189 1679 271 1742 quae
293 1662 459 1722 auctorem
480 1655 512 1718 in
534 1655 699 1720 rhetorum
723 1659 902 1740 praeceptis
931 1679 994 1722 non
1015 1658 1109 1740 plane
1132 1656 1246 1720 rudem
1267 1653 1372 1718 fuisse

189 1759 372 1826 ostendant.
417 1757 499 1821 Nam
523 1779 593 1821 cum
616 1758 740 1839 impura
764 1766 796 1822 et
818 1762 979 1826 obseoena
1000 1760 1100 1824 rerba
1122 1781 1162 1824 ex
1185 1758 1373 1822 luctationi-

188 1863 249 1927 bus
285 1867 317 1924 et
353 1859 636 1924 exercitationibus
672 1863 876 1943 gymnastiois
906 1848 1020 1954 petita,
1056 1862 1170 1946 quibus
1200 1861 1374 1924 Palaestra

190 1965 292 2028 utitur
307 1968 390 2044 (cap.
415 1966 520 2040 8-9),
543 1966 611 2024 tum
634 1959 738 2044 figura
760 1985 821 2027 non
845 1964 942 2028 semel
957 1969 1124 2047 usurpata,
1148 1983 1231 2046 quae
1253 1961 1376 2028 dicitur

189 2064 421 2134 adnominatio,
450 2083 507 2126 nos
530 2061 683 2136 edocent,
705 2067 924 2130 narrationem
950 2085 1013 2130 non
1043 2065 1187 2129 omnibus
1215 2064 1375 2129 orationis

191 2165 334 2231 artificiis
369 2185 490 2228 carere.
532 2165 623 2242 (asin.
658 2188 726 2249 cap.
758 2173 785 2233 4.
814 2167 923 2254 μάγος
956 2165 1014 2234 καὶ
1046 2165 1182 2248 μάχλος.
1215 2172 1263 2232 14.
1300 2157 1374 2230 ἄπο
1437 2165 1438 2182 ³

191 2261 275 2355 δύσῃ
302 2263 347 2332 τὸ·
363 2267 494 2350 κτῆνος,
514 2261 572 2330 τὸν
595 2267 632 2332 dd
654 2267 795 2356 ἐραστὴν
818 2262 1018 2345 ἀποδώσεις.
1047 2275 1098 2332 46.
1128 2267 1163 2331 ἐν
1190 2264 1289 2355 φόβῳ
1316 2265 1378 2330 καὶ

191 2367 305 2456 φειδοῖ
324 2367 482 2431 κλέπτων.
529 2373 579 2430 47.
617 2364 777 2456 (αἶ’ριστον
798 2362 962 2451 ἄπιστον),
1003 2357 1223 2446 ¹Quamobrem
1246 2374 1297 2433 est
1318 2389 1375 2431 ve-

190 2469 341 2548 risimile,
374 2468 548 2532 Luciauum
572 2468 660 2534 illam
683 2471 824 2536 fabulam
847 2474 1030 2555 scripsisse,
1053 2491 1123 2535 cum
1146 2471 1179 2533 in
1200 2470 1374 2533 rhetorum

193 2572 310 2636 scholis
343 2572 464 2636 versari
494 2571 559 2635 iam
574 2615 577 2622 .
592 2575 750 2654 coepisset
783 2580 816 2638 et
843 2574 923 2637 artie
950 2574 1126 2651 oratoriae,
1161 2593 1225 2655 qua
1257 2575 1378 2652 postea

193 2675 330 2737 maxime
351 2671 495 2752 florebat,
518 2673 725 2738 fundamenta
746 2675 882 2740 iecisset.

278 2775 401 2838 Deinde
438 2777 470 2838 in
507 2777 692 2840 memoriam
729 2797 926 2856 revocemus,
969 2774 1146 2839 Luciauum
1191 2775 1253 2838 huc
1294 2771 1378 2835 illuc

194 2876 350 2942 vocabula
385 2877 549 2942 homerica
586 2879 692 2943 libello
719 2880 901 2943 inseruisse.
952 2879 1068 2962 Itaque
1097 2882 1134 2939 ut
1166 2879 1216 2939 est
1251 2874 1379 2936 iuveni-

194 2977 234 3041 lis
268 2978 365 3041 animi
397 2978 534 3044 formam
550 2981 664 3068 ⁴magis
691 3003 787 3064 quam
820 2981 972 3045 virtutem
1002 2983 1165 3062 spectare,
1197 2977 1245 3040 ita
1275 2974 1380 3040 etiam

203 3078 376 3157 Lucienus,
418 3103 490 3146 oum
523 3082 648 3146 asinum
687 3083 915 3160 conscriberet,
953 3082 1040 3145 dicta
1080 3080 1220 3157 exoleta,
1258 3076 1378 3160 quibus

196 3180 372 3246 delectatus
414 3187 478 3261 est,
522 3183 630 3247 libello
672 3185 795 3261 intulit;
839 3188 953 3266 postea
993 3187 1114 3259 autem,
1156 3185 1265 3244 aetate
1301 3200 1378 3262 pro-

195 3283 333 3362 vectior,
361 3289 448 3349 totas
477 3286 656 3349 sententias
684 3307 724 3350 ex
753 3291 922 3370 poetarum
962 3282 1156 3364 carminibus
1188 3281 1378 3363 depromere

196 3384 323 3464 maluit,
353 3405 451 3468 quam
479 3381 604 3468 sin'gula
633 3389 741 3452 verba.
785 3387 913 3451 Etenim
940 3387 974 3449 in
1003 3384 1067 3448 alia
1098 3401 1226 3465 quoque
1256 3382 1380 3463 scripta

196 3487 358 3569 permulta
385 3487 426 3550 ab
453 3486 593 3552 Homero
619 3489 804 3567 transtulit,
844 3488 901 3552 sed
927 3488 975 3550 ita
1003 3484 1099 3550 rerba
1128 3490 1305 3561 mutuatur,
1341 3488 1378 3547 ut

197 3609 308 3654 eorum
330 3589 523 3653 sententiam
547 3609 618 3652 cum
633 3591 699 3654 suis
721 3589 838 3655 fabulis
853 3589 956 3670 magis
973 3587 1153 3668 coniungat.
1198 3587 1235 3650 In
1251 3585 1378 3649 asinum

198 3696 305 3756 autem
327 3688 499 3768 vocabula,
531 3711 613 3772 quae
636 3691 668 3754 in
690 3690 746 3754 illo
774 3696 871 3773 poeta
890 3689 973 3752 mira
994 3694 1027 3752 et
1048 3687 1204 3752 notabilia
1226 3686 1378 3750 videban-

198 3797 253 3856 tur
282 3811 352 3855 esse
374 3791 497 3868 intulit,
530 3791 590 3854 tali
613 3790 723 3870 modo,
751 3798 789 3856 ut
814 3811 921 3873 supra.
935 3789 1237 3866 demonstravimus,
1268 3787 1378 3854 stilum

200 3893 360 3957 ludicrum
390 3899 423 3958 et
448 3893 622 3958 iocularem
648 3897 800 3958 sectatus.
844 3891 888 3957 Et
910 3892 1061 3974 quoniam
1084 3912 1137 3970 ea,
1169 3909 1252 3972 quae
1274 3909 1294 3952 a
1315 3887 1380 3952 vol·

201 3993 271 4077 gari
293 3994 454 4058 hominum
484 4001 544 4060 usn
573 4001 605 4060 et
635 3993 864 4060 consuetudine
885 3994 1053 4072 recedunt,
1081 3991 1218 4057 maxime
1241 3990 1380 4056 admira·

200 4117 286 4172 mur,
322 4116 393 4160 cum
425 4097 562 4180 primum
593 4097 686 4163 nobis
719 4103 907 4162 occurrunt:
943 4116 1047 4160 nonne
1075 4115 1113 4158 ea
1142 4091 1261 4170 omnia,
1295 4112 1380 4173 quae

201 4189 332 4282 propria
355 4205 429 4263 sunt
451 4201 607 4266 sermonis
630 4199 756 4286 poetici,
782 4199 907 4264 facilius
929 4199 962 4262 in
983 4196 1105 4262 iuvenis
1127 4194 1281 4258 memoria
1302 4191 1380 4258 hae-

202 4301 283 4366 sisse
306 4323 434 4382 censeS,
463 4324 536 4370 cum
566 4304 705 4370 nondum
729 4304 760 4367 iu
783 4303 940 4382 intimam,
970 4305 1007 4364 ut
1034 4299 1080 4362 ita
1102 4295 1217 4373 dicam,
1247 4293 1383 4360 Homeri
