2878 4698
661 167 874 234 ..46-

177 354 239 400 uon
255 335 414 417 verterim,
437 334 523 420 quod
538 357 773 420 nonnunquam,
796 339 851 404 ubi
865 338 974 405 littera
988 360 1010 404 o
1024 340 1193 420 antecedit,
1217 339 1356 409 σεαυτὸν

179 437 342 520 scripserit
357 459 416 522 pro
433 438 578 505 codicum
599 437 734 504 lectione
757 433 884 520 ἔαυτόν,
909 462 981 507 cnm
1002 442 1152 509 facillime
1174 443 1314 510 alterum
1337 466 1358 508 σ

178 539 324 606 excidere
346 541 502 625 potuerit;
532 542 564 606 id
595 529 704 608 autem
726 543 835 624 miror,
859 545 943 628 quod
964 547 996 610 in
1018 545 1121 612 tribus
1145 546 1286 612 eiusdem
1305 569 1356 631 ge-

141 722 144 730 ·
177 645 262 709 neris
283 643 362 708 locis
385 643 439 730 (de
458 644 558 709 saltat
580 650 609 709 5.
633 638 821 733 παράσχοις
841 639 967 726 ἑαυτόν,
991 649 1138 715 Pseudol.
1165 655 1182 714 3
1218 647 1252 725 dg
1278 641 1357 714 ἑαυ-

150 759 153 768 “
176 743 234 812 τὸν
255 748 461 834 παρανομεῖς
490 752 539 812 31.
568 745 602 824 ἐς
624 740 743 812 ἑαυτὸν
766 749 950 836 παροινῶν)
973 749 1134 835 volgatam
1159 753 1354 835 scripturam

177 850 362 914 servaverit.
407 849 524 934 Itaque
540 871 612 914 curn
634 871 673 914 ne
688 849 814 915 Bekker
837 852 967 934 quidem
988 853 1020 918 in
1043 855 1113 920 aliis
1135 854 1225 920 libris
1248 855 1356 920 omnia

176 951 243 1016 eius
279 951 366 1016 modi
399 952 541 1036 exempla
577 953 745 1035 emendare
772 973 871 1019 ausus
902 955 961 1034 sit,
1000 958 1146 1039 equidem
1181 956 1357 1022 diiudicare

175 1053 281 1131 nolim,
306 1058 414 1118 utrum
442 1053 475 1117 in
504 1060 656 1138 quattuor
684 1054 773 1118 Lucii
794 1055 872 1140 locis
902 1055 967 1143 (13.
996 1050 1115 1123 ἑαυτὸν
1141 1051 1256 1146 ἑώρων
1279 1049 1357 1124 door

174 1160 223 1221 26.
236 1147 408 1222 ἀνέστενον
418 1149 537 1222 εᾶυτὸν
550 1161 598 1222 31.
611 1149 730 1222 ἑαυτὸν
740 1153 932 1242 drucionem,
946 1163 994 1225 33.
1004 1153 1123 1226 ἑαυτὸν
1135 1159 1250 1251 ῥῖψαι)
1258 1161 1355 1226 lectio

176 1280 196 1323 a
228 1259 297 1325 viro
324 1255 380 1322 illo
415 1257 599 1324 doctissimo
628 1259 794 1342 proposita
821 1261 1003 1344 recipienda
1025 1263 1074 1339 sit,
1100 1284 1141 1328 an
1164 1263 1355 1346 optimorum

174 1361 329 1427 librorum
360 1361 519 1444 scriptura
547 1361 723 1428 retinenda.
768 1361 803 1425 ld
835 1369 944 1430 autem
972 1365 1119 1432 dubitare
1150 1386 1212 1430 non
1243 1387 1355 1449 possu-

177 1487 263 1543 mus,
294 1463 371 1547 quin
401 1457 541 1540 ἑαυτούς
565 1465 597 1528 in
627 1485 695 1548 cap.
725 1469 752 1528 8.
776 1465 916 1548 positum
947 1467 1108 1551 integrum
1135 1467 1353 1552 relinquamus

175 1569 246 1650 (pro
269 1557 358 1653 ἡμᾶς
389 1557 522 1651 αὐτοὺς)
556 1587 628 1630 oum
657 1567 795 1630 eiusdem
828 1569 876 1632 rei
902 1570 1079 1653 exemplum
1117 1569 1291 1636 habeamus
1320 1571 1354 1634 in

175 1667 248 1734 Ver.
270 1668 343 1734 hist.
372 1667 396 1748 I,
425 1674 452 1734 6.
477 1666 686 1757 παραδόντες
706 1661 845 1746 ἑαυτοὺς
867 1667 1122 1754 ἐχειμαζόμεθα.
1169 1674 1258 1752 Quae
1281 1695 1355 1738 cum

174 1771 221 1838 ita
245 1770 317 1849 sint,
340 1771 417 1835 satis
433 1771 611 1835 ostendisse
633 1771 711 1834 mihi
725 1771 843 1850 videor,
874 1773 1013 1857 quinque
1033 1775 1096 1839 illis
1112 1775 1190 1840 locis
1207 1797 1247 1841 ex
1262 1777 1353 1842 asino

102 1810 113 2003 )
172 1873 282 1957 petitis
310 1892 374 1938 non
403 1894 499 1958 posse
526 1895 584 1937 nos
607 1873 793 1956 permoveri,
816 1875 1006 1940 ntLuoiani
1030 1878 1207 1943 orationem
1230 1878 1354 1948 abhoc

101 2006 105 2017 ·
172 1977 279 2042 libello
302 1981 369 2042 tam
391 1977 574 2060 discrepare
595 1980 873 2061 putemusrquam
895 1977 1038 2044 nonnulli
1060 1980 1208 2047 dixerint.

260 2081 348 2158 Quae
375 2099 450 2145 vero
480 2079 513 2142 in
541 2099 608 2164 cap.
641 2084 688 2143 14.
712 2071 880 2156 δείσαντες
909 2077 954 2168 μή
983 2075 1220 2172 ἐπειςέρχομαι
1249 2089 1280 2147 et
1305 2089 1353 2148 53.

96 2260 99 2266 Ι
121 2179 131 2240 l
173 2204 199 2248 c.
227 2182 247 2248 f.
277 2177 416 2249 ἐδεδίειν
435 2177 482 2268 μὴ
506 2172 756 2269 ἇναπηδήσεται
779 2179 923 2264 legimus,
946 2203 984 2248 ea
1007 2205 1068 2248 non
1093 2184 1134 2249 ab
1157 2187 1352 2270 optimorum

79 2201 102 2350 l
174 2285 368 2370 scriptorum
401 2283 539 2349 dictione
571 2304 702 2368 prorsus
729 2282 833 2347 aliena
863 2305 934 2348 esse
957 2285 1187 2351 demonstravit
1209 2287 1354 2372 Krueger

174 2409 273 2473 gram.
302 2393 351 2462 54,
376 2393 405 2467 8,
432 2391 477 2450 12.
510 2385 558 2450 his
589 2384 708 2449 verbis:
739 2386 799 2450 Mit
822 2386 894 2451 dem
917 2385 1072 2452 Indioativ
1093 2387 1193 2453 findet
1215 2389 1284 2455 sich
1305 2388 1357 2476 μή

174 2492 256 2558 auch
283 2489 366 2555 nach
402 2489 462 2553 den
485 2485 641 2572 Begriffen
673 2487 727 2552 dos
749 2487 948 2570 Fiirohtens,
971 2489 1131 2556 vielleioht
1151 2490 1295 2558 insofem
1318 2513 1353 2557 es

172 2593 344 2680 cigentlioh
367 2591 553 2678 Fragenort
574 2591 630 2654 ist:
652 2589 692 2655 ob
714 2589 811 2654 nicht.
855 2590 965 2674 Neque
980 2591 1080 2658 ullam
1094 2593 1190 2660 huius
1205 2596 1253 2659 rei
1267 2615 1354 2659 men·

170 2697 292 2762 tionem
313 2693 460 2758 fecissem
487 2693 549 2758 nisi
577 2693 647 2776 quis
675 2693 905 2759 immutationis
928 2693 1059 2758 levitate
1092 2695 1188 2762 facile
1217 2696 1350 2782 perduoi

133 2804 145 2825 ⁶
172 2802 291 2883 posset,
314 2800 352 2861 ut
372 2795 551 2880 optativum
573 2801 630 2860 aut
653 2795 887 2861 coniunctivum
910 2795 1029 2862 ederet.

255 2899 358 2965 Multo
388 2902 497 2964 autem
523 2898 624 2982 magis
648 2896 793 2978 offendit,
823 2898 908 2983 qnod
934 2905 1048 2982 quater
1077 2904 1149 2984 post
1169 2900 1348 2984 particulas

74 3005 92 3077 ¹,
173 2995 263 3081 ἐπεί,
294 2997 448 3080 ἐπειδάν,
483 2989 539 3086 ἤν,
572 3000 749 3084 optativum
779 3001 969 3082 invenimus,
998 3002 1084 3086 quod
1111 3002 1258 3068 Beklrero
1285 3007 1352 3069 tam

63 3096 89 3171 ’ν’
173 3103 362 3170 inusitatum
385 3109 435 3168 est
455 3105 567 3182 visum,
591 3109 628 3168 ut
650 3101 766 3186 ubique
790 3110 847 3168 aut
869 3100 944 3169 ἐπεὶ
966 3109 1022 3168 aut
1044 3098 1163 3190 ἐπειδή
1187 3110 1242 3169 ant
1266 3099 1296 3170 εἰ
1309 3106 1353 3172 le

174 3207 312 3290 gendum
334 3227 406 3272 esse
428 3207 654 3282 arbitraretur,
697 3205 809 3289 Neque
832 3212 940 3271 tamen
960 3205 1097 3270 Bekkeri
1124 3205 1354 3274 auctoritatem

173 3310 266 3393 sequi
294 3322 440 3393 possum,
470 3308 549 3373 bene
579 3308 619 3374 de
649 3301 717 3374 hac¹
740 3329 776 3374 re
800 3307 834 3377 O.
857 3309 909 3374 Fr.
932 3307 1151 3374 Hermannum
1173 3307 1354 3394 disputasse

169 3419 269 3492 ratus
298 3411 352 3495 qui
379 3411 464 3476 hunc
486 3412 519 3476 in
545 3413 675 3478 modum
697 3413 794 3478 verba
816 3411 949 3493 facit:¹)
979 3411 1136 3492 „Omnino
1159 3408 1262 3495 siqui
1290 3415 1354 3480 loci

172 3513 335 3581 levissima
363 3498 586 3580 immutatione
612 3514 712 3595 facta,
744 3514 856 3598 quales
882 3515 1038 3598 imprimis
1066 3513 1137 3579 dico
1167 3535 1235 3594 eas,
1271 3537 1354 3600 qnae

176 3619 380 3684 iotacismum
402 3617 616 3701 corruptionis
640 3623 806 3682 auctorem
828 3638 906 3701 prae
934 3639 968 3682 se
997 3617 1119 3697 lerunt,
1149 3617 1183 3681 in
1210 3615 1353 3684 ordinem

36 2155 76 2370 l

170 3722 275 3806 redigi
310 3725 444 3804 queant,
475 3718 569 3784 facile
596 3718 772 3800 adsentiar;
799 3721 841 3785 ad
869 3717 1065 3784 difficiliores
1091 3721 1284 3785 mutationes
1312 3743 1352 3787 ne

120 3817 121 3821 ’
171 3823 316 3890 codicum
354 3823 484 3906 quidem
518 3821 725 3901 auctoritate,
765 3841 844 3904 quos
880 3821 1105 3888 Atticistarum
1138 3821 1351 3889 correctiones

169 3949 284 4013 passos
308 3945 379 3990 esse
401 3923 684 4009 persuasissimum
699 3923 842 3999 habeam,
858 3923 974 3990 adduci
989 3946 1040 3990 me
1057 3925 1189 4008 patiar.“
1214 3937 1217 3944 ’
1234 3925 1351 4010 ltaque

169 4033 202 4097 in
225 4029 304 4114 disp.
329 4049 354 4094 o.
377 4027 508 4094 Hesiod.
532 4035 561 4093 7.
584 4025 806 4092 concinnitatis
826 4027 1043 4092 restituendae
1058 4027 1163 4112 gratia
1181 4020 1353 4112 καλύψαις

171 4131 310 4197 scribere
332 4131 462 4210 mavult,
496 4152 593 4215 quam
616 4130 850 4196 coniunctivum
879 4126 1033 4220 ἐπιφορῇ
1056 4135 1176 4213 ponere
1206 4149 1264 4212 pro
1287 4129 1351 4196 vol-

240 4355 260 4416 ¹)
296 4351 322 4408 1.
344 4353 416 4426 ciam,
435 4355 471 4413 de
491 4355 586 4413 histor.
607 4353 743 4414 conscrib.
763 4355 837 4413 adid.
855 4356 999 4412 Hermann
1016 4369 1043 4424 p.
1061 4351 1105 4409 33.
1122 4367 1181 4424 sqq.
