2878 4698
21 889 29 907 ι
89 863 97 915 i

233 23 376 146 mm
406 1 534 100 Mitis
572 19 761 108 Mittite
743 2 1098 212 483li-—vfil‘st'„‚
1192 84 1196 104 Ι

477 181 700 380 Wt
708 145 1087 382 {W'W
936 154 1126 291 Μ

128 313 275 381 s.“01t
320 312 569 399 Qu0d¹qu1em
597 335 663 382 ram
684 274 846 382 iVieland
854 337 895 401 op
923 335 973 381 me
995 312 1197 397 perspexisse
1219 312 1361 394 videtur,
1432 301 1433 312 ¹

124 412 234 502 'qui
263 392 354 500 ('t.om
382 416 435 496 IV,
462 439 493 502 p
522 418 607 502 253.)
640 419 810 503 sempsit
813 419 881 499 ‚der
916 417 978 485 alle
1006 415 1150 481 Minuten
1179 437 1219 481 zu
1248 416 1362 482 Boden

175 521 271 588 falle‘
300 517 425 606 (πάντα
452 514 697 604 καταπίπτων).
751 521 859 586 Verba
884 528 1016 598 autem,-
1033 539 1117 602 quae
1147 524 1222 584 sunt
1245 513 1359 583 πάντα

177 617 275 688 ditor
299 642 412 758 parum
442 627 530 687 recte
553 625 739 707 cognovisse
761 629 810 689 est
830 623 1008 707 putandus,
1040 645 1112 689 cum
1133 642 1233 707 pro„
1238 621 1364 697 ‚bitter·
1433 605 1434 660 i

177 725 242 790 lion
264 726 387 790 weint‘e
344 724 527 790 t‘dicere
549 724 697 806 deberet,
715 727 768 806 „in
790 726 916 790 einem»
915 725 981 790 fort
1003 727 1145 792 weinte‘.

263 825 317 890 Alt
303 830 409 890 terum
430 826 534 890 locum
557 826 736 892 habemus
726 850 759 893 ιιι
775 833 845 912 cap.
862 832 911 902 23,
932 827 988 892 ubi
1003 827 1135 892 verbum
1133 819 1364 934 &saradim

177 929 265 1012 quod
286 928 355 993 fere
377 929 527 1012 ubique'
518 951 551 993 ιιι
551 930 720 994 transitive
743 931 819 1014 poni
841 929 932 1008 solet,
956 951 1028 994 cum
1051 929 1232 994 accusativo
1263 945 1400 1010 quem

179 1031 290 1096 dicunt
318 1031 450 1110 obiecti,
473 1033 678 1098 coniunctum
701 1037 759 1097 est.
810 1033 910 1109 Quam
937 1032 1170 1097 locutionemt
1156 1035 1226 1094 ttan
1227 1050 1282 1094 um
1304 1028 1366 1094 ab·

177 1140 228 1217 est
248 1147 325 1198 uta
348 1132 543 1198 Graecorum
566 1139 698 1200 consuet
684 1134 796 1200 tudine
818 1155 949 1218 prorsus
972 1134 1146 1199 abhorrere
1169 1137 1295 1218 putem,
1324 1136 1365 1196 ut

176 1237 261 1302 hanc
290 1235 415 1301 dicendi
442 1236 601 1301 rationem
632 1242 664 1301 et
691 1238 779 1321 apud
800 1237 932 1302 Latinos
960 1241 993 1302 et
1021 1237 1106 1320 apud
1130 1235 1274 1300 Graecos
1293 1255 1362 1299 non
1435 1217 1436 1244 ¹

175 1341 363 1406 inusitatam
391 1357 462 1402 esse
491 1336 640 1403 arbitrer.
691 1338 775 1404 Nam
801 1339 900 1404 moris
925 1346 974 1411 est
995 1339 1191 1416 Latinorum,
1215 1338 1243 1402 si
1261 1358 1362 1420 quem

176 1443 306 1506 nomine
330 1439 507 1524 appellant,
538 1441 644 1506 verbis
672 1441 855 1526 appellandi
876 1443 925 1508 vel
947 1442 1150 1510 exclamandi
1172 1463 1235 1511 non
1258 1447 1361 1513 nomi-

176 1545 321 1609 nativum
348 1545 404 1607 aut
436 1543 615 1608 vocativum
643 1563 754 1610 casum
780 1545 967 1630 adiungere,
990 1551 1027 1610 ut
1049 1567 1107 1611 nos
1130 1546 1275 1629 facimus,
1301 1550 1362 1615 sed

178 1647 396 1712 accusativum
426 1643 486 1729 (cf.
520 1645 630 1711 Cicero
658 1645 810 1722 Phil..II,
837 1653 884 1728 12,
909 1653 958 1713 30.
983 1647 1023 1713 Μ.
1046 1649 1167 1715 Brutus
1190 1659 1360 1717 cruentum

178 1750 350 1833 pugionem
378 1752 490 1812 tenens
520 1746 705 1815 Ciceronem
736 1750 947 1832 exclamavit).
999 1751 1116 1836 Itaque
1155 1775 1226 1818 cum
1260 1757 1363 1820 etiam

178 1851 295 1917 Graeci
313 1851 373 1916 hoc
394 1873 456 1917 usu
478 1850 650 1916 admodum
679 1851 892 1931 delectentur,
925 1852 1075 1920 facillime
1096 1855 1273 1932 Lucianus,
1303 1857 1364 1922 ubi

179 1954 364 2020 brevissime
380 1958 501 2033 narrat,
524 1953 677 2038 virginem
693 1954 812 2019 auxilio
829 1976 900 2020 esse
916 1961 1064 2022 vocatam
1079 1956 1120 2023 ab
1137 1980 1199 2023 anu
1215 1958 1361 2040 muliere,
1437 1989 1438 2010 ι

53 2089 58 2094 ·
178 2093 218 2106 -
247 2077 330 2140 quae
358 2055 555 2120 exclamasse
583 2059 632 2120 est
657 2057 817 2140 putanda:
844 2058 924 2123 heus
953 2065 989 2125 tu
1011 2061 1116 2144 virgo,
1146 2050 1174 2126 ὦ
1204 2059 1360 2148 παρθένε

54 2228 70 2259 ‹
177 2195 220 2207 -
233 2179 355 2225 morem
369 2157 460 2223 illum
476 2163 606 2224 secutus
622 2159 762 2223 scribere
777 2161 897 2244 potuit:
921 2153 1081 2250 ἀνέκραγε
1095 2159 1155 2250 τὴν
1170 2162 1359 2250 παρθένον.

263 2263 345 2326 Tum
373 2261 401 2325 si
429 2261 566 2346 primam
593 2261 763 2328 verborum
785 2261 1051 2344 significationem
1069 2263 1267 2346 respicimus,
1289 2285 1362 2348 cap.

82 2430 88 2461 ἱ
178 2370 227 2430 44.
251 2355 392 2450 ἀνόητος
414 2354 461 2429 c'o'v
482 2365 541 2449 τῆς
563 2364 678 2450 φωνῆς
699 2373 762 2427 noir
784 2363 888 2427 minus
910 2369 998 2429 recte
1020 2364 1112 2429 nobis
1136 2364 1224 2429 dicta
1253 2363 1364 2430 viden—

97 2514 105 2569 .'
177 2474 240 2546 tur,
276 2487 372 2550 quam
400 2457 607 2553 ἀναίσθητον
641 2457 750 2530 αὐτῶν
782 2471 815 2530 et
847 2465 963 2561 similia
997 2467 1036 2533 de
1069 2471 1169 2532 mort.¹
1198 2466 1271 2531 Per.
1288 2504 1290 2507 ·
1308 2473 1362 2532 42.

92 2582 98 2596 ’
142 2641 144 2646 ,
177 2569 291 2652 Navig.
315 2574 364 2633 40.

262 2669 374 2754 Neque
402 2674 516 2735 tamen
544 2690 652 2734 omnes
681 2671 839 2736 sermonis
862 2671 1078 2747 difficultates,
1103 2671 1241 2756 quaein
1264 2672 1377 2738 asino·

108 2762 112 2885 Ι]
180 2777 300 2851 extant,
317 2771 469 2856 exemplis
484 2771 642 2836 illustrari
657 2779 805 2856 possunt:
829 2793 945 2858 magna
959 2795 1037 2859 pars
1053 2794 1163 2840 errore
1179 2773 1358 2839 scribarum

109 2948 112 2961 ‚
177 2875 350 2958 inrepsisse
386 2879 438 2938 est
470 2874 691 2939 existimanda.
748 2875 847 2941 Recte
882 2877 966 2942 enim
998 2877 1141 2943 iudicant
1166 2875 1299 2942 Gouricr
1327 2881 1360 2941 et

109 2972 113 3039 ἱ
177 2976 339 3055 Wieland‚
363 2975 499 3041 Lucium
521 2976 587 3042 sive
610 2977 736 3044 asinum
757 2979 842 3042 inter
865 2999 919 3046 cos
941 2979 1074 3045 Luciani
1096 2979 1197 3044 libros
1218 2975 1359 3043 referen-

178 3081 253 3146 dum
276 3101 356 3160 esse,
379 3079 434 3162 qui
463 3078 609 3162 plurimis
639 3079 721 3144 vitiis
750 3081 902 3147 maculati
929 3081 971 3146 ad
998 3087 1141 3147 nostram
1169 3080 1359 3146 memoriam

177 3183 389 3267 pervenerint.
433 3163 536 3245 Multa
559 3181 687 3265 quidem
709 3185 808 3248 tacite
832 3182 1009 3248 emendavit
1031 3181 1158 3248 Bekker
1174 3182 1224 3265 (ut
1234 3181 1270 3244 iu
1288 3202 1359 3266 cap.

179 3291 207 3352 2.
231 3284 403 3352 absurdum
425 3285 505 3349 illud
528 3282 599 3373 παῤ
621 3279 699 3367 ἐμοί
719 3286 870 3369 aliaque),
892 3285 994 3351 multa
1016 3284 1150 3350 Courier
1172 3282 1359 3348 acutissime

178 3390 332 3468 correxit,
364 3388 420 3452 sed
440 3409 552 3453 eorum
583 3408 710 3471 quoque
739 3389 936 3473 diligentiam
959 3386 1100 3453 nonnulli
1122 3385 1186 3449 loci
1209 3383 1359 3468 effugisse

177 3491 256 3556 mihi
277 3491 434 3570 videntur,
458 3511 593 3576 quorum
616 3489 858 3557 difficultatibus
879 3489 1031 3556 facillime
1045 3487 1165 3553 mederi
1184 3487 1357 3570 possimus.

177 3595 314 3678 Jamque
338 3615 376 3658 ea
399 3612 553 3660 enarrare
575 3591 654 3656 mihi
676 3592 780 3672 liceat,
810 3614 892 3677 quae
915 3597 952 3657 ut
978 3591 1081 3675 magis
1110 3611 1183 3655 cum
1213 3589 1359 3655 oratione

178 3697 340 3762 Lucianea
362 3696 559 3773 conveniant,
583 3695 698 3780 corrigi
719 3695 887 3761 voluerim:

262 3801 301 3864 In
322 3819 391 3884 cap.
422 3799 521 3883 igitur
545 3801 584 3861 22
607 3802 683 3862 ante
702 3817 814 3863 vocem
834 3791 970 3886 χρυσίον
991 3798 1193 3882 negationem
1216 3786 1253 3860 οὗ
1276 3793 1357 3860 inse·

112 3885 119 3899 ⁵
177 3901 309 3969 rendam
338 3922 409 3967 esse
435 3921 563 3981 censeo,
591 3901 633 3966 ad
661 3921 759 3985 quam
782 3891 873 3980 οὐδὲ,
902 3901 986 3984 quod
1011 3899 1165 3984 sequitur,
1188 3897 1357 3963 reseratur.

55 4026 65 4040 ⁴
92 3986 111 4028 '¹'
161 4007 300 4072 Deinde
321 4005 355 4069 iu
377 4011 446 4088 cap.
471 4008 520 4084 31,
541 4003 597 4069 ubi
618 4002 763 4068 futurum
784 4002 922 4082 medium
945 3995 1139 4090 ὀπτήσομαι
1159 4021 1268 4066 omnes
1298 4021 1357 4086 pro

105 4113 108 4120 ’
176 4109 305 4194 passivo
333 4107 475 4191 positum
504 4109 583 4171 esse'
601 4111 811 4190 putaverunt,
840 4096 1021 4192 ὠπτήσμαι
1051 4103 1254 4170 scribendum
1281 4103 1359 4168 mihi

118 4269 122 4277 ,
177 4209 311 4289 videtur,
333 4214 369 4274 ut
390 4208 476 4276 infra
496 4209 656 4275 Lucienus
679 4207 760 4272 dixit
788 4202 1007 4296 πεπράξεται.
1051 4205 1099 4271 De
1128 4205 1242 4283 futuri,
1270 4204 1357 4288 quod

186 4311 310 4393 '²citur‚
338 4311 427 4378 tertii
453 4311 541 4398 apud
563 4312 740 4378 Lucianum
762 4311 907 4396 aliosque
937 4331 997 4376 usu
1024 4309 1104 4376 ⁸45⁸
1132 4309 1234 4374 masta
1259 4309 1358 4374 Verba
