2878 4698
198 449 287 516 libris
311 471 375 517 non
398 451 495 515 semel
517 455 615 516 extat.
654 452 699 519 uf.
723 454 763 518 de
786 453 869 523 dom.
895 459 943 518 17.
975 444 1196 534 ἀσχολεῖσθαι
1218 453 1298 544 περὶ
1321 452 1385 542 τὴν

198 552 296 618 σιω.
319 554 456 619 Hermot
480 559 530 620 ιτ.
731 608 750 641 f.
767 547 964 653 οἴωμαι
984 580 998 605 ‹·
1033 558 1059 593 ’ν
1090 527 1218 670 *lm*
1250 559 1364 650 pppg¹

284 653 361 739 Cap.
386 660 436 721 20·
473 652 514 720 τά
537 651 572 720 ἐν
595 641 749 722 ποσίεέλ
783 657 901 723 locutio
924 657 1067 722 Lucieno
1091 657 1225 722 maxime
1249 658 1384 724 usitata.

198 753 317 822 Videas
340 758 440 823 enim:
477 740 691 836 ffit.
720 770 757 836 2;
787 767 845 840 42,
877 760 991 843 dialog.
1015 763 1099 823 mort
1131 764 1181 836 13,
1220 763 1247 824 3.
1274 739 1383 844 dupp.

198 862 280 941 trag.
305 864 354 924 ει.
1381 927 1386 938 ,

284 955 331 1037 είς
352 957 437 1049 ῥόδα
452 959 687 1043 ἐμπεσεῖσθαι.
709 983 778 1046 cap.
796 968 824 1027 8.
848 953 897 1038 είς
911 951 1133 1049 Πάλαιστραν
1148 957 1385 1044 ἐμπέπτωκας,

47 1133 49 1136 ,
201 1067 251 1126 50.
286 1056 333 1138 εἰς
360 1057 469 1152 ἔρωτα
497 1067 541 1129 θε
562 1061 627 1147 μὸν
653 1059 823 1144 ἐμπίπτει.
863 1064 950 1141 Quae
983 1063 1152 1128 verborum
1182 1063 1384 1152 constructio
1432 1097 1433 1136 r

44 1169 74 1307 p
163 1171 178 1291 Ι
200 1161 287 1228 haud
302 1160 457 1228 inusitata
473 1087 643 1243 esthim.
667 1171 719 1231 22.
757 1159 775 1230 ὁ
799 1167 837 1232 δὲ
852 1161 1008 1248 ε’μπεσών
1022 1162 1070 1242 ἐις
1085 1161 1154 1246 ἐμέ.
1178 1169 1227 1230 25.
1250 1162 1285 1243 ἐς
1305 1164 1386 1245 τούς

58 1273 113 1326 7²1³
128 1252 179 1338 (ἕξ
198 1259 371 1341 τοιούτους
392 1261 550 1347 ἐμπίπτω
573 1268 623 1332 bis
646 1289 752 1333 accus.
775 1275 803 1334 5.
824 1267 961 1332 merced.
984 1268 1075 1332 cond.
1102 1273 1127 1332 1.
1163 1268 1310 1333 Hermot.
1333 1275 1384 1334 59.

198 1364 269 1430 adv.
292 1365 357 1431 ind.
384 1372 431 1432 12.
454 1366 542 1457 πρὸς
563 1362 672 1458 ἔρωτα
694 1365 851 1454 ἐμπεσεῖν
867 1365 967 1435 Cobet
988 1369 1164 1434 rectissime
1185 1373 1328 1436 correxit
1350 1374 1385 1438 in

27 1355 187 1488 Ι[λίλ-,Ἶίτ

40 1489 79 1510 ν’·
201 1491 249 1544 εις
269 1461 380 1557 ἔρωτα
401 1463 471 1551 ἐμπ
488 1473 525 1554 ¹).

2 1563 14 1674 ρ’
40 1615 100 1673 'r’
121 1601 140 1620 ἰ
283 1566 475 1637 σκευάσασα
501 1566 575 1654 ἔχω.
610 1571 649 1638 cf.
678 1574 832 1639 Alexand.
863 1579 912 1639 51.
941 1561 980 1637 ‘dv
999 1569 1285 1668 &disertique
1316 1571 1381 1658 ἐῇρω
1433 1591 1434 1678 ρ

112 1727 143 1762 s
199 1643 542 1757 (Lemno
564 1673 784 1754 κατακλείσας
804 1669 900 1757 digere,
920 1659 1094 1740 democh.
1125 1699 1191 1741 eno.
1224 1683 1272 1744 32.
1296 1667 1386 1756 εἶχον
1433 1703 1434 1714 ’

74 1749 127 1820 Υ
200 1773 404 1858 θαυμάσας).
451 1773 514 1840 Sed
537 1777 577 1842 de
599 1776 661 1841 hac
683 1797 718 1840 re
735 1777 844 1842 videas
860 1777 1015 1842 (lobetum
1038 1800 1067 1862 p.
1086 1784 1154 1844 115.
1180 1779 1385 1844 Valckenarii

198 1876 241 1941 ad
262 1876 433 1944 Phoeniss.
459 1884 519 1943 712
543 1879 785 1945 adnotationem
806 1880 1001 1946 laudantem.
1123 1883 1125 1888 '

2 1985 3 2074 ρ
60 1959 154 2111 ³<
253 1977 372 2070 Ι,πρὸς
387 1977 425 2062 τὸ
442 1981 510 2070 πιῖρ
527 1975 717 2070 ἠλείφοντο,
734 2002 802 2065 cap.
822 1987 871 2064 24.
894 1979 982 2072 πρὸς
997 1978 1056 2070 τὴν
1070 1977 1212 2071 σελίνην
1225 1975 1384 2068 ἔγνωσαν.

244 2103 261 2146 c
283 2082 533 2166 praepositionis
555 2078 643 2171 πρός
665 2104 736 2148 oum
765 2085 947 2152 accusativo
978 2085 1166 2150 coniunctae
1197 2105 1276 2149 usus
1304 2085 1385 2149 satis

201 2184 316 2268 dignus
338 2184 415 2250 mihi
436 2184 578 2264 videtur,
601 2185 657 2269 qui
678 2192 819 2252 notetur.
862 2188 967 2272 Atque
990 2187 1139 2270 equidem
1162 2207 1202 2252 ex
1224 2207 1263 2252 ea
1285 2187 1384 2272 signi-
1434 2175 1435 2224 3

200 2285 359 2365 ficatioue,
383 2307 466 2370 quae
482 2287 654 2372 respondet
668 2289 797 2354 vocibus
820 2289 929 2370 latinis
945 2287 995 2367 ad
1020 2280 1191 2354 secundum
1208 2289 1383 2375 (gemaesu)

154 2414 158 2420 ·
202 2410 275 2454 eum
296 2388 476 2472 profectum
499 2409 569 2454 esse
592 2389 748 2456 existimo.
792 2390 862 2456 Tali
877 2390 961 2456 enirn
976 2389 1070 2456 modo
1085 2391 1267 2474 ubicunque
1289 2391 1382 2456 nobis

200 2497 385 2570 occurrunt,
412 2490 495 2557 haec
521 2481 620 2557 verba
648 2491 797 2557 facillime
827 2493 981 2577 explicari
1007 2497 1149 2577 possunt.
1193 2492 1322 2558 Etenim
1345 2501 1385 2559 ut

199 2587 403 2660 notissimum
424 2593 502 2659 illud
525 2595 722 2660 Graecorum
745 2593 832 2682 πρὸς
859 2587 964 2661 αὐλὸν
987 2587 1165 2684 ὀρχεῖσθαι
1201 2595 1256 2673 (ad
1284 2595 1385 2662 tibiae
1435 2661 1436 2668 ,

201 2699 343 2780 cantum)
364 2696 527 2780 signifi‘cst
549 2716 630 2776 eum,
653 2695 708 2780 qui
731 2695 828 2760 tibiae
850 2697 961 2761 modos
986 2697 1134 2762 saltando
1157 2698 1300 2762 imitetur
1315 2701 1385 2784 (qui

200 2801 247 2864 ita
269 2799 369 2866 saltat
390 2805 427 2865 ut
448 2799 511 2863 lert
534 2797 700 2863 modorum
723 2798 868 2884 natura),
897 2798 944 2864 ita
967 2797 1066 2864 etiam
1087 2797 1190 2862 verbis
1214 2797 1300 2887 πρός
1322 2797 1384 2889 τὴν

138 2963 169 3000 ,χ
201 2897 344 2990 σελήνην
362 2901 437 2966 mihi
466 2899 593 2965 videtur
620 2900 767 2984 exprimi,
796 2905 909 2968 contra
936 2903 1086 2967 naturam
1107 2898 1221 2978 fuisse,
1250 2901 1313 2965 nisi
1336 2903 1382 2968 lu-

201 2988 309 3070 trones
332 3003 410 3068 luna
431 3003 558 3069 lucente
579 3003 729 3088 fugitivos
751 3004 861 3070 statim
887 3004 1125 3090 adgnouissent.
1169 3003 1284 3087 Itaque
1307 3025 1381 3086 per-

203 3107 353 3189 spicimus
376 3107 459 3172 unde
481 3105 550 3186 fiat,
578 3111 614 3170 ut
640 3104 800 3170 interdum
827 3105 861 3170 in
894 3103 1050 3170 eiusmodi
1082 3104 1160 3170 loeis
1183 3106 1383 3188 praepositio

202 3202 289 3298 πρός
309 3231 367 3294 pro
391 3209 585 3275 Graecorum
607 3207 713 3273 dativo
736 3213 792 3274 aut
806 3208 997 3272 Latinorum
1016 3205 1167 3288 ablativo,
1192 3207 1248 3290 qui
1265 3207 1386 3272 dicitur

201 3332 318 3378 causae
342 3313 408 3378 sive
430 3310 643 3389 instrumenti,
665 3311 772 3394 posita
794 3329 864 3376 esse
887 3309 1043 3375 rideatur.
1089 3307 1172 3388 Quid
1187 3309 1272 3375 enim
1295 3310 1386 3375 aliud

199 3414 360 3500 significat
394 3409 611 3502 ἐκταραχθεὶς
649 3411 736 3500 πρὸς
766 3410 825 3480 τὸν
857 3413 923 3478 ταῖν
954 3411 1091 3500 πληγῶν
1125 3407 1236 3501 φόβον
1263 3411 1385 3490 (Somu.

203 3539 271 3602 cap.
298 3523 375 3599 ns),
407 3517 469 3580 nisi
492 3514 576 3598 quod
599 3515 778 3599 exprimere
801 3515 940 3580 solemus
962 3515 1082 3583 verbis:
1116 3507 1214 3604 φόβῳ
1243 3507 1386 3603 τκέαρα-

199 3614 316 3702 χθείςῖ
353 3618 506 3684 Similiter
537 3622 587 3682 est
610 3617 728 3684 dictum
755 3617 833 3682 illud
864 3614 951 3705 πρὸς
979 3613 1018 3684 τὸ
1040 3616 1185 3704 μέγεθος
1212 3612 1386 3704 ἐκπεπλη-

201 3721 320 3807 γμένον
354 3721 461 3807 (Jupp.
495 3726 576 3805 trag.
609 3724 687 3804 18.)‚
723 3720 774 3784 cui
808 3719 908 3786 addas
940 3717 1028 3810 πρὸς
1061 3715 1185 3788 ἕκαστα
1219 3717 1385 3806 ἐκπεπλη-

202 3823 320 3910 γμένος
348 3823 404 3906 (de
427 3843 522 3889 merc.
545 3822 637 3890 cond.
667 3825 727 3906 16).
760 3819 946 3911 ἐκηλούμην
968 3820 1055 3912 πρὸς
1075 3820 1134 3891 τὸν
1155 3817 1256 3908 λόγον
1288 3823 1384 3900 (Her-

202 3931 277 3992 mot.
302 3931 343 4008 9.)
367 3922 386 3993 ὁ
416 3923 517 4015 κηρὸς
546 3918 648 4014 ἐτάκη
676 3922 763 4016 πρὸς
793 3920 852 3990 τὸν
883 3917 980 4012 ἥλιον
1007 3927 1155 4005 (Icarom.
1185 3929 1227 4008 3).
1272 3923 1384 4008 Neque

199 4036 307 4098 tamen
328 4030 432 4114 primo
454 4029 609 4115 adspectu
630 4028 730 4095 rerba
750 4023 837 4116 πρὸς
846 4023 897 4105 ,τὸ
920 4028 988 4116 πῦρ
1003 4020 1183 4116 ἠλείφοντο
1207 4025 1293 4107 (asin
1310 4031 1379 4108 20.)

201 4132 313 4198 eodem
337 4133 432 4200 modo
457 4132 663 4219 interpretari
694 4131 810 4208 ausim,
846 4151 919 4197 oum
954 4151 1059 4216 neque
1085 4129 1233 4196 flammae
1263 4132 1382 4196 natura

271 4343 292 4410 ²)
311 4339 378 4398 Var.
397 4337 507 4395 lection.
528 4357 556 4413 p.
574 4339 638 4396 272.
