2878 4698
2 60 4 74 .
68 2 138 95 aa
180 9 354 156 oqua-
386 1 493 92 σοι
529 25 552 76 ·.
587 1 1118 152 ·,..⁴‘2r,.·.,‘nu2nev3
1137 29 1218 89 r..
1293 1 1306 4 ··

550 212 592 220 -·
636 179 676 238 4⁹
721 209 764 220 ··
926 135 1247 338 ‘⁰4‘qu
1304 179 1383 276 r...

65 349 147 414 facit
162 345 263 410 Cobet
285 344 437 410 vanlect.
453 365 483 428 p.
504 349 572 422 116,
591 349 659 408 117.
684 379 722 390 -
747 342 826 406 Tum
842 342 956 406 mirum
972 346 1030 420 est,
1051 341 1136 426 quod
1152 361 1245 405 nemo
1276 319 1411 420 le'fi

66 449 171 514 adhuc
192 450 225 512 in
248 447 417 510 uerborum
440 445 552 510 ordine
574 453 654 528 (cap.
679 451 717 508 37
742 438 759 508 ὁ
783 443 820 508 δὲ
844 437 988 532 αὐλητὴς
1003 441 1113 532 ἐφύσα
1129 439 1247 526 ὅμιλος
1289 450 1309 489 2
1324 437 1405 530 ³9ss

66 546 197 632 ἔνθεον)
225 547 404 625 offenderit,
432 567 623 632 quamquam
654 547 734 610 satis
760 551 900 634 constat,
928 545 1102 611 Lucianunr
1130 546 1164 609 in
1185 545 1247 608 boc
1290 565 1406 656 OEqq

65 650 174 714 libello
197 649 238 714 ab
261 649 434 714 artificiosa
455 650 627 714 verborum
650 648 859 714 collocatione
889 648 1091 740 abstinuisse.
1134 646 1247 730 Neque
1316 677 1333 738 ιι
1415 693 1421 700 -

66 752 292 836 negligendum
321 757 380 828 est,
402 751 487 835 quod
510 751 697 833 Appuleius,
727 749 782 816 ubi
804 737 937 815 eandem
958 771 1027 816 rem
1049 755 1172 828 narrat,
1194 747 1247 812 lib.

66 855 157 927 VIII,
178 877 207 936 p.
240 859 317 932 580,
344 875 408 917 non
438 854 604 918 tibicinum
632 859 792 918 catervam
822 847 966 937 (ὅμιλος)
995 851 1139 916 adfuisse
1161 850 1249 925 dicit,

67 957 128 1020 sed
155 978 253 1020 unum
282 955 454 1018 tibicinem.
508 955 545 1020 Id
575 955 657 1018 enim
679 954 816 1038 intelligi
836 975 931 1037 posse
954 953 1095 1018 arbitror
1118 973 1157 1016 ex
1180 953 1249 1016 eius

66 1058 177 1123 verbis
212 1058 311 1122 hisce:
345 1058 501 1147 incitante
534 1057 633 1122 tibiae
668 1063 764 1122 cantu
798 1057 1028 1140 lymphaticum
1064 1055 1248 1138 tripudium.

68 1162 174 1238 Quam
197 1160 326 1224 obrem
348 1159 523 1224 Lucienum
548 1159 712 1240 scripsisse
734 1159 847 1223 credo:
871 1155 889 1226 ὁ
913 1155 950 1222 δὲ
973 1149 1118 1245 αὐλητής
1138 1154 1251 1245 ἐφύσα

68 1261 171 1342 μέλος
192 1255 318 1336 ἔνθεον,
342 1281 422 1344 quae
445 1263 561 1326 mirum
583 1263 615 1324 in
638 1261 766 1334 modum
790 1265 972 1344 congruunt
994 1280 1066 1323 oum
1081 1265 1161 1323 extr.
1178 1279 1249 1340 cap.

70 1369 121 1427 48.
149 1357 301 1438 κώδωνες
319 1361 422 1444 μέλος
446 1360 696 1445 μουσικώτατον
715 1357 979 1450 ἐκφωνοῦνσεςῑ)
1002 1398 1042 1410 -·
1067 1361 1146 1424 Tum
1167 1361 1251 1426 adie-

29 1461 31 1466 ’
72 1465 147 1529 ctivi
169 1463 275 1527 forma
298 1457 448 1554 merereris
470 1464 555 1547 apud
578 1465 754 1530 lucianum
775 1485 935 1550 nusquam
956 1465 1114 1528 invenitur
1135 1463 1197 1528 nisi
1219 1461 1252 1526 in
1295 1504 1306 1521 ο

70 1568 149 1632 asin.
173 1587 241 1648 cap.
266 1554 316 1628 24'.
353 1553 424 1630 'Sed
446 1588 486 1630 ue
508 1567 569 1631 hae
591 1567 716 1648 quidem
738 1569 771 1630 in
793 1589 828 1631 re
850 1573 999 1633 auctora
1022 1565 1251 1630 consuetudine

71 1690 130 1732 sua
143 1667 315 1732 recessisse
331 1668 408 1732 rnihi
423 1668 557 1747 ridetur,
581 1690 651 1733 cum
666 1670 842 1750 iotacismo,
867 1690 962 1753 quem
984 1674 1109 1746 vocant,
1132 1668 1253 1732 factum

72 1791 143 1834 esse
167 1789 322 1846 censeam,
344 1779 380 1834 ut
402 1793 460 1853 pro
483 1797 503 1859 q
526 1773 721 1838 scriberetur
743 1795 781 1848 ει,
797 1778 837 1836 et
859 1779 928 1836 tum
951 1771 1251 1854 einterponeretur.

72 1879 187 1955 ltaque
217 1873 248 1934 si
282 1893 391 1937 veram
421 1873 589 1960 lectionem
613 1875 739 1940 efficere
766 1875 906 1952 velimuS,
931 1874 1132 1938 scribendum
1161 1873 1253 1937 nobis

73 1995 146 2038 esse
170 1975 317 2038 existimo
341 1967 475 2062 πσηνός.
499 2016 539 2026 -
563 1979 643 2043 Turn
666 2001 686 2042 a
706 1998 757 2042 me
778 1976 981 2040 observatum
996 1981 1054 2065 est,
1077 1976 1254 2040 Lucienum
1362 2027 1367 2053 ,

74 2075 205 2141 verbum
229 2073 413 2164 συγκλείειν
433 2099 595 2164 nunquam
618 2099 785 2164 usurpare,
808 2079 871 2142 nisi
893 2098 951 2160 pro
973 2079 1160 2144 Latinorum
1183 2077 1254 2156 „ob

75 2179 227 2242 cludere¹‘
257 2171 444 2268 (ideoque
475 2180 670 2267 συγκλείειν,
704 2186 816 2266 portas
847 2179 1040 2264 obcludere.)
1090 2184 1196 2264 Atque
1221 2181 1256 2243 in

74 2283 175 2365 ipsius
198 2280 267 2344 asin
291 2300 358 2362 cup.
382 2288 410 2358 2,
433 2289 473 2346 47
496 2283 548 2346 hic
570 2284 657 2348 verbi
678 2279 860 2369 συγκλείειν
880 2303 958 2348 usus
982 2289 1103 2362 exstat;
1125 2285 1158 2348 in
1185 2303 1255 2366 cap.

76 2392 116 2450 45
142 2374 251 2460 (κάκεῖ
269 2406 311 2463 με
333 2381 554 2468 συγκλείουσι)
579 2386 711 2450 eandem
733 2385 827 2450 habet
854 2387 916 2450 vim
933 2391 1030 2470 atque
1045 2385 1256 2465 „includeret

77 2484 171 2562 Quod
194 2483 274 2548 adeo
292 2492 473 2567 suspectum
497 2487 587 2551 nobis
610 2494 660 2552 est
675 2489 785 2566 visum,
807 2496 844 2552 ut
858 2488 1020 2553 levissima
1034 2489 1254 2552 immutatione

77 2580 264 2672 ἐγκλείουσι
286 2587 457 2650 restituere
480 2609 678 2655 conaremur.

162 2692 204 2751 nt
236 2687 285 2750 his
322 2689 480 2766 omnibus,
516 2692 556 2756 de
585 2693 698 2774 quibus
728 2692 809 2770 dixi,
846 2690 1091 2757 difficultatibus
1121 2692 1257 2758 sublatis

77 2789 178 2854 multa
218 2790 381 2854 etiamtum
413 2793 446 2854 in
477 2795 537 2856 boo
566 2793 672 2858 libello
700 2797 806 2858 inesse
836 2814 954 2876 negare
982 2814 1047 2857 non
1076 2815 1256 2877 possumne,

76 2913 157 2975 quae
182 2914 202 2955 a
229 2893 359 2973 volgata
388 2899 420 2956 et
447 2896 525 2959 trita
553 2896 679 2960 dicendi
706 2896 830 2960 ratione
857 2896 1057 2960 alienissima
1080 2897 1152 2960 sint.
1187 2898 1257 2974 Qua

75 2995 168 3058 inre
192 3001 265 3056 ante
288 2995 395 3058 omnia
423 2996 588 3060 videamus
611 3004 748 3081 oportet,
781 3019 821 3062 ue
843 2997 1007 3075 vocabula,
1030 2999 1145 3082 quibus
1168 2999 1258 3064 Luci·

75 3117 170 3174 anus,
200 3100 236 3158 ut
264 3103 388 3160 certam
416 3098 480 3162 vim
508 3099 692 3178 subiiceret‚
721 3099 925 3183 singulariter
958 3105 991 3163 et
1011 3100 1188 3164 insolenter
1211 3109 1260 3166 est

76 3203 174 3276 usus',
202 3198 392 3262 documenta
424 3221 495 3264 esse
518 3209 662 3284 putemus
685 3203 841 3266 sermonis
865 3202 1008 3284 corrupti
1031 3208 1064 3265 et
1085 3202 1259 3286 depravati.

76 3299 236 3380 Imprimis
272 3305 378 3364 autem
411 3302 474 3366 duo
507 3323 626 3386 genera
657 3304 808 3387 loquendi
843 3303 1052 3369 formularum
1087 3306 1260 3372 statuenda

77 3419 148 3464 esse
177 3401 326 3476 arbitror,
357 3423 438 3485 quas
472 3409 585 3468 auctor
606 3406 767 3470 interdum
792 3406 946 3482 adhibuit,
969 3411 1005 3469 ut
1025 3407 1135 3470 stilum
1156 3405 1260 3470 riden-

76 3502 153 3566 dum
187 3509 220 3564 et
250 3505 468 3570 narrationem
502 3507 596 3590 quasi
630 3507 783 3572 comicam
809 3506 974 3584 ¹efficeret3
1008 3529 1105 3572 unum
1140 3529 1258 3588 earum,

77 3625 158 3686 quae
177 3609 235 3670 aut
253 3605 322 3687 ipse
339 3607 400 3672 sibi
414 3607 506 3672 finxit
529 3613 586 3673 aut
608 3628 647 3671 ex
669 3609 792 3690 volgari
814 3610 976 3674 hominum
1001 3629 1148 3675 sermone
1171 3619 1258 3674 rece·¹

4 3767 5 3780 ,
75 3705 133 3787 pit,
156 3705 398 3789 alterum'quas
425 3711 573 3793 apoetis‚
595 3711 733 3774 maxime
748 3710 790 3774 ab
805 3711 954 3788 flumem,
977 3713 1153 3777 transtulit.
1176 3712 1258 3777 Nam

76 3807 146 3870 iure
173 3807 240 3870 iam
267 3829 366 3890 supra
392 3811 435 3893 (p.
466 3813 528 3894 38).
572 3812 766 3876 Lobeclrinm
795 3814 957 3893 monuisse
978 3814 1124 3893 diximus,
1149 3821 1186 3880 ut
1209 3837 1259 3880 ca-

148 3993 171 4056 1)
206 3991 311 4048 Paucis
333 3994 431 4048 diebus
452 4000 602 4066 postquam
625 3997 697 4052 haee
715 3998 879 4069 conso-ipsi,
899 3998 1037 4054 Cobetum
1062 4003 1120 4054 vidi
1137 4001 1258 4056 eandem

79 4076 270 4131 coniecturam
289 4079 474 4148 proposuisse,
493 4081 522 4134 in
540 4098 598 4135 var.
617 4083 679 4138 leot.
700 4103 726 4154 p.
748 4084 804 4138 160.
841 4084 869 4138 Is
888 4090 982 4139 tamen
1000 4103 1059 4140 rem
1078 4087 1198 4140 absolvit
1215 4085 1258 4137 his

77 4162 191 4232 paucis:
210 4161 244 4215 In
262 4163 321 4230 212,
340 4163 382 4218 37.
402 4165 495 4218 nescio
514 4167 650 4236 quomodo
669 4175 842 4238 concoquant
860 4165 873 4220 ὁ
891 4173 918 4222 δὲ
936 4168 1051 4238 αὐλητής
1068 4171 1150 4240 epira
1168 4157 1259 4238 ὅμιλος

78 4251 169 4300 ίνθεον
193 4263 250 4318 pro.
274 4251 351 4316 μέλος
369 4251 468 4302 ἔνθεον.
504 4250 587 4305 Trita
605 4258 670 4306 sunt
688 4247 772 4304 critob·
787 4260 874 4324 μέλον,
893 4253 967 4322 ᾄδειν
983 4263 1061 4323 μέλος
1080 4257 1164 4327 φυσᾶν
1180 4259 1258 4324 μέλος

78 4333 196 4404 lamule,
216 4332 341 4403 Καρικόν,
360 4333 425 4387 alia.
443 4334 524 4391 Plato
543 4337 638 4392 comio.
657 4354 701 4408 ap.
720 4339 823 4394 Athen.
842 4339 905 4396 XV.
924 4358 951 4409 p.
970 4339 1021 4392 665
1039 4341 1069 4395 G.
