2878 4698
28 160 64 245 ,s
664 101 876 164 *8-1

162 266 245 434 λι
276 265 373 336 liceat
403 285 440 332 ex
471 263 652 352 Spanhemii
682 264 723 332 de
751 284 812 334 usu
839 274 873 334 et
899 271 1097 352 praestantia
1123 269 1350 342 numismatum
1428 319 1429 322 =

204 368 439 458 ‘putationibus
455 368 538 454 (Vol.
554 369 580 435 1.
594 390 626 454 p.
650 373 720 436 692.
755 369 839 457 Lips.
864 369 980 456 lton),
1003 372 1060 456 qui
1082 371 1122 438 de
1143 372 1206 440 bae
1227 374 1299 458 ipsa
1313 393 1351 440 re
1428 429 1429 444 .

24 461 29 468 ’
141 473 266 542 haece
288 472 432 544 disserit:
465 471 650 553 „Quomodo
677 471 788 540 itidem
814 472 944 552 laetum,
963 477 1011 556 ¹ut
1037 462 1193 562 ἄρχοντες
1215 475 1352 544 subinde

167 574 245 641 dieti
275 573 344 642 sint
374 597 394 642 a
417 573 549 644 Graecis
579 574 761 642 auctoribus
789 596 853 652 non
883 575 983 660 patrii
1006 576 1133 660 quidem
1161 577 1224 646 loci
1237 580 1352 666 'magi-

168 681 299 758 stratus,
328 680 385 746 sed
415 680 477 765 ipsi
498 679 634 746 Romani
656 679 897 764 prouinciarum·
914 699 986 764 pop.
1008 678 1098 745 Rom.
1121 685 1273 764 rectores
1295 683 1351 768 qui

167 781 250 849 alias
283 779 382 866 legati
418 787 646 868 propraetores
676 775 884 869 (ἀνθύπατοι
915 776 1264 872 aut-dcuoapolspyor)
1292 790 1353 850 aut
1428 765 1429 832 ἶ

170 878 376 971 πρεσβευταί
403 883 454 950 vel
483 878 643 973 sipontinae
669 887 800 972 proprio
827 887 871 952 ad
899 885 933 952 id
962 905 1063 970 genus
1096 885 1195 952 officii
1223 887 1352 954 nomine

168 977 382 1053 dicebantur.“
420 986 543 1054 Deinde
566 990 663 1056 Asiae
690 989 911 1073 proconsulem
934 994 968 1054 et
990 985 1146 1054 Graeciae
1167 995 1351 1072 praetorem

169 1090 282 1156 eodem
309 1088 473 1158 archontis
501 1091 630 1157 nomine
657 1112 678 1156 a
704 1091 899 1170 Philostrato
928 1091 1085 1176 Aelioque
1112 1092 1253 1174 Aristide
1284 1113 1351 1160 non

168 1193 267 1258 semel
309 1193 489 1280 appellatos
533 1215 605 1261 esse
643 1193 795 1280 exemplis
832 1194 976 1260 ostendit
1011 1196 1060 1260 vir
1096 1195 1300 1262 doctissimus
1311 1199 1349 1280 ¹).

167 1295 280 1364 Dionis
318 1315 447 1382 quoque
483 1295 587 1364 Cassii
622 1295 711 1362 locos
729 1319 730 1327 ¹
748 1295 875 1382 collegit
906 1297 1117 1380 Letronne²),
1157 1320 1197 1362 ex
1233 1299 1351 1384 quihus

168 1398 305 1485 Aegypti
322 1399 526 1484 praefectum
548 1419 775 1492 nonnunquam
797 1419 818 1464 a
841 1399 997 1486 scriptore
1019 1399 1214 1467 illoGraeco
1229 1401 1350 1470 dictum

168 1521 239 1570 esse
260 1501 448 1569 anebontem
469 1501 563 1570 facile
582 1521 769 1588 cognosces.
792 1539 837 1558 ·-.
854 1501 973 1588 Itaque
994 1502 1027 1567 in
1049 1503 1110 1570 boc
1131 1505 1201 1588 ipso
1223 1505 1352 1572 nomine
1428 1565 1429 1568 ,

167 1604 250 1672 adeo
281 1602 750 1698 [offenderemur—possumus,
787 1609 826 1670 nt
853 1605 934 1670 asini
964 1604 1113 1672 fabellam
1140 1609 1350 1692 compositam
1428 1685 1429 1704 χ

68 1765 74 1780 .
169 1727 241 1774 esse
262 1728 413 1797 negemus
428 1708 561 1774 buciani
582 1714 698 1785 aetate,
724 1729 790 1794 qua
811 1709 909 1774 etiam
931 1729 951 1773 a
973 1708 1170 1776 Philostrato
1193 1717 1227 1778 et
1247 1711 1352 1778 Dione
1428 1711 1429 1716 ’

168 1797 392 1896 proconsulem
414 1810 569 1878 archonte
591 1811 709 1878 dictum
732 1831 803 1876 esse
826 1811 980 1876 novimus.

214 1947 215 1954 ι
254 1911 353 1979 Venio
386 1935 470 1980 nune
502 1912 544 1980 ad
578 1935 617 1978 ea
644 1905 835 1999 inquirenda
862 1917 896 1978 et
926 1914 1166 1996 consideranda,
1200 1935 1283 2002 quae
1310 1915 1351 1982 de

172 2015 401 2102 Thessalonica
437 2015 516 2082 urbe
552 2017 583 2082 in
619 2016 725 2082 libello
762 2016 905 2107 legimus.
957 2017 1028 2096 Qua
1062 2019 1095 2083 in
1131 2037 1168 2084 re
1212 2017 1349 2103 primum

169 2119 330 2186 mentone
353 2120 484 2204 dignum
507 2109 592 2188 mihi
606 2119 741 2200 videtur,
765 2113 850 2204 quod
865 2109 1096 2190 Thessalonica
1117 2122 1225 2187 omnia
1244 2120 1352 2189 Mace·
1428 2129 1429 2206 ζ

170 2222 285 2288 deniae
318 2211 437 2307 oppida
467 2221 686 2306 magnitudine
719 2241 872 2304 superare
902 2219 1021 2286 dieitur
1052 2227 1136 2306 (cap.
1169 2227 1218 2287 46.
1250 2215 1353 2302 πόλις

170 2325 236 2390 τῶν
265 2322 301 2390 ἐν
326 2319 527 2413 Μακεδονίᾳ
550 2317 711 2410 μεγίστη).
757 2321 847 2389 Haeo
876 2322 976 2406 igitur
1009 2321 1087 2388 urbs
1115 2343 1135 2388 a
1168 2321 1351 2390 Cassandro
1428 2313 1429 2316 ¹

172 2426 301 2492 condita
329 2424 419 2490 brevi
447 2423 487 2492 ad
514 2429 636 2490 tantem
657 2425 904 2509 magnitudinem
928 2431 962 2490 et
982 2424 1171 2509 'dignitatem
1194 2427 1349 2511 pervenit,

168 2533 204 2593 ut
230 2529 292 2594 iam
316 2527 496 2612 Antipater,
522 2531 620 2611 poeta
642 2526 932 2612 Thessalonicensis
954 2527 1032 2606 „sub
1055 2528 1176 2596 Christi
1196 2527 1348 2606 natalia“‚
1428 2551 1429 2574 ι

169 2631 306 2714 patriam
346 2629 479 2694 summis
515 2628 662 2694 laudibus
700 2615 874 2708 extolleret,
913 2635 948 2694 nt
981 2635 1117 2696 matrem
1144 2629 1350 2697 Macedoniae
1428 2647 1429 2696 ι

171 2727 292 2818 (μήτηρ
314 2732 373 2818 τῆς
387 2727 606 2810 Μακεδονίας
620 2729 746 2796 Antbol.
770 2753 801 2816 p.
822 2731 876 2808 IL,
898 2751 929 2816 p.
953 2733 1003 2796 98.
1027 2733 1127 2816 epigr.
1154 2733 1226 2818 lt).
1261 2732 1350 2813 „Quo

174 2833 304 2898 nomine
329 2834 432 2918 magis
459 2833 654 2918 opulentiam
680 2833 758 2913 eius,
788 2853 884 2918 quam
911 2832 1099 2918 dignitatem
1129 2857 1204 2903 vere
1229 2835 1349 2902 civilem

169 2931 221 3002 ac
237 2935 399 3021 politicam
427 2935 619 3020 significari‘
645 2937 823 3003 rectissime
854 2934 1005 3002 admonet
1028 2936 1120 3001 Tafel
1146 2938 1179 3003 in
1207 2936 1351 3022 prolegg.
1428 2959 1429 3024 ι

171 3037 213 3105 sd
252 3037 511 3106 dissertationem
548 3039 721 3123 geograph.
759 3038 798 3103 de
835 3036 1063 3103 Thessalonica
1098 3039 1240 3121 eiusque
1272 3059 1351 3122 agro

172 3134 291 3228 (Berol.
317 3140 413 3224 1839)
434 3159 465 3224 p.
487 3139 553 3204 XL.
596 3141 678 3206 Nam
708 3141 874 3206 honestum
897 3137 1109 3220 metropoleos
1132 3158 1256 3216 nornen,
1285 3161 1350 3223 quo
1428 3173 1429 3192 ι

169 3243 283 3310 urbem
309 3241 344 3307 in
369 3241 627 3325 inscriptionibus
656 3249 688 3307 et
714 3241 848 3308 nummis
879 3239 1006 3322 saepius
1028 3245 1175 3304 ornatam
1197 3240 1350 3321 videmus,

170 3347 203 3414 in
224 3344 386 3430 Antipatri
407 3343 512 3410 verbis
533 3344 638 3410 inesse
659 3365 723 3409 non
744 3347 859 3428 potest,
885 3362 954 3407 eum
977 3346 1054 3408 ante
1076 3341 1207 3407 tertium
1229 3341 1350 3408 Christi

170 3445 332 3515 saeculum
347 3447 381 3511 in
392 3445 724 3514 Thessalonicensium
738 3443 958 3510 monumentis¹
967 3444 1060 3509 nohis
1074 3462 1139 3509 non
1154 3446 1349 3531 occurrat⁸).

172 3550 278 3630 Quare
307 3552 406 3634 poeta
429 3547 484 3612 ille
507 3547 650 3616 Graecus
681 3547 760 3614 nihil
791 3545 879 3612 aliud
905 3545 1084 3630 respexisse
1107 3547 1156 3612 est
1173 3545 1350 3630 putandus,

170 3651 243 3720 nisi>
265 3650 356 3717 urbis
391 3649 642 3734 magnitudinem
679 3655 712 3714 et
749 3649 910 3738 hominnm
947 3646 1193 3714 multitudinem.
1236 3648 1350 3733 Neque

173 3770 385 3810 ...-.--.-·L-

244 3874 266 3944 ¹)
302 3869 634 3943 benebentanum.
659 3871 776 3928 Aristid.
790 3885 906 3926 sermon.
920 3885 991 3926 saer.
1004 3863 1052 3926 ΙΙΙ.
1064 3889 1093 3943 p.
1111 3870 1178 3941 5623
1196 3867 1231 3925 V.
1249 3887 1277 3941 p.
1290 3869 1350 3928 ela.

172 3955 337 4098 {Eilostmt
348 3953 413 4096 2ξὲ-
432 3954 562 4028 Apellen.
582 3954 662 4013 VIII.
681 3973 704 4014 c.
722 3956 762 4012 10.
783 3973 810 4027 p.
829 3955 880 4011 132
897 3955 940 4012 ed.
958 3955 1079 4028 Kayser.
1096 3955 1154 4013 Vnt.
1172 3953 1288 4027 sophist
1306 3955 1351 4012 ed.

220 4057 285 4113 yser
302 4059 331 4112 p.
401 4079 408 4096 .

17 4110 43 4198 f
184 4212 191 4236 ,
242 4125 267 4196 ι)
301 4125 337 4182 n
361 4125 445 4193 nam,
466 4127 516 4198 qn
541 4127 706 4186 inassuetus
728 4126 913 4198 ‚pannas
935 4144 1006 4199 pon
1023 4125 1111 4184 mvn
1128 4123 1147 4182 ι
1163 4124 1299 4184 lunone
1315 4124 1352 4185 oe

9 4261 11 4268 ι
67 4160 474 4387 beseleel.
492 4319 519 4374 ..
537 4298 597 4356 ι.
