2878 4698
1250 13 1271 76 d

560 150 773 214 ..¹27-

67 313 345 404 interponendum
372 339 443 387 esse
475 337 673 388 censeamus.
714 320 833 404 litaque
856 317 985 384 etiamsi
1002 315 1178 401 Appuleius
1195 331 1256 380 aa·

69 441 153 486 num
176 438 274 507 agens
295 424 361 490 iam
384 423 681 510 quadragesimum,
703 424 820 491 librum
839 420 1028 505 composuit
1046 423 1159 484 umen
1181 417 1275 482 scri.

68 529 183 608 ptum,
206 527 293 608 quod
312 527 498 594 incenditur
521 527 646 606 armus,
669 549 690 592 a
710 525 867 606 Lucieno,
900 521 1020 607 ¹quippe
1039 522 1098 605 *qui
1119 515 1257 604 quinque

72 623 129 694 vel
157 623 268 692 decem
290 624 383 695 aunis
397 631 554 714 Appuleio
576 635 683 697 aetate
697 625 912 714 praestiterit
926 622 1176 696 abiudicandum
1196 625 1258 700 eet,

68 730 145 796 nisi·
160 730 548 834 iQfil
568 732 772 800 Manendum
793 731 827 796 id
850 746 921 796 esse
943 727 1148 796 arbitramur.
1180 723 1258 791 nte

71 833 142 898 nim
166 833 230 898 nisi
259 833 407 924 vicesimo
438 837 547 920 quinto
570 837 620 903 vel
644 835 808 902 tricesimo
836 833 953 900 aetatis
980 849 1064 898 anno
1091 827 1257 894 ‘Luciacus

70 934 169 1001 illum
183 935 326 1002 libellum
338 938 371 1002 in
393 937 497 1006 lucem
519 939 627 1018 edidit,
650 937 798 1006 accidere
820 955 885 1002 nou
898 935 1011 1021 potuit,
1032 939 1148 999 utnon
1163 927 1258 995 modo

70 1037 194 1104 Lucius
222 1039 388 1106 Patrensis
416 1041 549 1108 eandem
577 1061 646 1108 rem
672 1045 846 1120 temeret,
875 1039 937 1106 sed
962 1039 1061 1104 etiarn
1084 1031 1258 1118 Appuleius

71 1145 249 1226 utrumque
270 1148 436 1210 auctorem
459 1144 582 1232 legeret
603 1151 637 1210 et
655 1148 870 1230 cognosceret.
905 1141 971 1208 Sed
993 1137 1088 1208 facila
1103 1139 1165 1204 hoc
1189 1133 1260 1200 fieri
1283 1207 1294 1218 ,

74 1244 185 1328 potuit
210 1244 299 1312 intra
325 1248 465 1332 spatium
496 1248 608 1332 viginti
640 1247 689 1314 vel
716 1237 852 1332 triginta
865 1243 1122 1326 ‘annorumscni
1143 1245 1218 1308 suut
1237 1259 1260 1306 a
1317 1258 1329 1280 ²·

73 1347 210 1414 Luciani
240 1351 358 1418 aetatis
386 1370 470 1418 auno
492 1352 641 1420 viceatmo
663 1350 775 1435 quinto
804 1363 906 1432 usquc
931 1347 975 1412 ad
1002 1343 1149 1429 Appulaii
1179 1361 1258 1428 qua-
1305 1348 1339 1377 t*

72 1449 301 1536 dragesimam.
352 1454 567 1534 Quamobrem
603 1489 640 1504 —-
664 1451 760 1519 licoat
781 1445 866 1530 mihi,
889 1447 964 1534 quiid
984 1448 1026 1514 de
1045 1447 1107 1512 hac
1129 1465 1165 1512 re
1186 1465 1259 1512 oen·
1312 1438 1317 1452 '

73 1573 175 1629 seam,
196 1555 261 1622 iam
283 1573 367 1623 nunc
388 1557 536 1643 proferre
560 1589 603 1606 -··
624 1575 664 1622 aa
692 1559 742 1622 est
763 1575 837 1620 mea
859 1551 1027 1629 sententia,
1049 1553 1085 1614 ut
1106 1548 1281 1627 tabidam.

72 1672 159 1740 quae
179 1658 365 1726 inscribitur
388 1660 505 1726 Lucius
528 1659 595 1727 siue
613 1660 736 1740 asinus,
771 1656 955 1726 anucuno
977 1653 1115 1740 quidem,
1140 1651 1196 1718 aed
1218 1670 1257 1717 ao
1287 1713 1291 1721 ,

72 1766 220 1844 tempore
242 1764 450 1847 compositam
473 1783 545 1829 esse
566 1768 686 1847 putem,
707 1783 780 1829 cum
803 1765 917 1827 auctor
938 1757 1111 1826 admodum
1134 1753 1258 1820 iuvenis

73 1863 217 1930 nondum
249 1865 292 1931 ad
323 1866 413 1932 illam
445 1868 601 1934 credonis
633 1859 817 1931 laevitatem
849 1870 883 1930 et
910 1861 1037 1928 dicendi
1066 1859 1258 1942 elegantiam

73 1968 286 2050 persanaret,
315 1985 396 2060 qugs
420 1969 457 2035 in
484 1969 556 2036 aliis
586 1969 714 2053 scriptis
744 1967 948 2064 admiramur.
1004 1965 1108 2046 Atque
1134 1961 1168 2026 in
1198 1960 1259 2024 bac

75 2068 228 2152 opinione
248 2091 313 2136 nou
334 2072 429 2138 modo
450 2091 501 2138 me
517 2071 692 2152 coufirmat,
715 2069 809 2154 quod,
832 2067 978 2134 iuvenilis
1000 2065 1118 2134 amatis
1133 2063 1259 2130 radone

76 2171 203 2250 habita,
225 2175 392 2256 permulta,
416 2173 587 2259 inquibus
611 2173 818 2250 offendimus,
839 2169 934 2237 facile
955 2169 1179 2253 expediuntur,
1203 2165 1260 2232 aad

76 2274 178 2340 etiam
208 2276 344 2342 maxime
371 2297 421 2342 me
446 2279 552 2357 iuvat,
587 2276 673 2360 quod
694 2271 973 2348 Sommarbrodtii,
994 2271 1054 2338 ciri
1075 2273 1107 2336 iu
1127 2269 1263 2334 Luciani

77 2377 208 2461 scriptis
229 2380 345 2446 eximie
367 2381 494 2460 versati,
517 2379 695 2445 auctoritas
714 2377 796 2442 ‘mihi
817 2374 1062 2461 suffragatum).
1109 2373 1173 2439 Sed
1194 2374 1261 2439 iam

77 2479 313 2548 ostendendum
345 2481 422 2546 mihi
451 2488 515 2561 est,
544 2501 649 2565 neque
678 2480 831 2547 narrandi
859 2479 986 2544 ratiom
1007 2476 1136 2550 lasciua,
1159 2494 1263 2558 neque
1345 2509 1348 2516 ⁴

77 2583 216 2650 ffloendi
234 2602 352 2668 genera
379 2584 460 2649 satis
489 2583 620 2650 insolito
641 2600 700 2652 uos
724 2585 926 2677 cogilposse,
957 2585 996 2646 ut
1021 2577 1139 2646 librum
1156 2578 1262 2663 sputi·

77 2705 132 2751 um
155 2703 226 2758 esse
249 2685 487 2752 mutandarum.
534 2689 581 2753 Ao
603 2687 759 2772 protecto,
783 2681 812 2752 si
830 2685 984 2762 tabulam,
1007 2683 1047 2748 de
1062 2703 1128 2766 que
1145 2683 1262 2768 agdus,

80 2805 153 2853 cum
175 2787 245 2856 aliia
266 2788 402 2854 Lucani
423 2791 553 2874 comptis
574 2790 848 2876 comparabimus,
880 2786 976 2853 facile
997 2787 1029 2851 iu
1052 2786 1113 2852 hoc
1136 2783 1263 2870 quoque

79 2889 162 2955 libro
184 2892 287 2956 multa
309 2910 419 2957 corum
440 2911 683 2976 cognoscemus,
705 2912 788 2978 queo
810 2894 844 2958 in
866 2891 1008 2956 Lucieno
1029 2877 1143 2955 laudat
1164 2889 1262 2954 Eras-
1325 2901 1326 2904 ’

80 3005 150 3056 mas
173 2985 378 3058 Roterodam.
408 2995 519 3078 (epist.
541 2997 569 3074 l,
593 3001 642 3076 29,
666 2997 699 3082 d)
722 2996 773 3062 his
795 2995 865 3060 fere
886 2993 1010 3060 verbis:
1045 2993 1187 3058 lantum·
1202 2991 1261 3080 ob·

79 3094 161 3159 unet
183 3093 216 3158 in
238 3091 372 3162 dicendo
394 3099 529 3181 gratiae,
546 3099 584 3164 in
606 3099 795 3166 inveniendo
817 3081 991 3168 felicitatis,
1015 3094 1197 3160 tantum‘iu
1211 3094 1261 3160 io-

81 3195 182 3261 cando
204 3197 334 3280 leporis,
357 3199 391 3264 in
412 3201 587 3266 mordendo
609 3202 709 3278 aceti,
740 3202 787 3266 aio
816 3197 929 3265 titillat
962 3195 1173 3263 allusionibus
1181 3218 1204 3276 ‚c
1218 3192 1264 3262 sic

85 3295 168 3364 seria
197 3299 300 3382 nugis,
322 3321 424 3385 nugas
447 3304 539 3369 seriis
563 3305 686 3385 miscet,
710 3303 886 3368 sio'ridens
908 3319 987 3366 vera
1008 3299 1096 3381 dicit,
1118 3319 1195 3366 vero
1218 3299 1264 3364 di·

83 3400 181 3468 cendo
203 3399 297 3477 ridet,
320 3407 358 3466 ut
378 3403 468 3470 nulla
490 3407 664 3484 comoedia,
686 3406 774 3472 nulla
797 3405 995 3472 caduceum
1017 3403 1111 3468 huius
1127 3401 1263 3485 dialogis

83 3503 219 3570 eoniemi
241 3503 367 3570 debeat.
405 3541 448 3554 -·
483 3508 596 3575 Nonne
617 3497 700 3575 enim
723 3507 921 3592 lepidissime
940 3506 1052 3573 fiotum
1073 3525 1144 3571 esse
1166 3511 1262 3590 putas

81 3605 274 3674 narrationis
296 3616 529 3690 argumentum,
552 3631 634 3695 quac
656 3631 721 3677 non
742 3613 836 3677 modo
858 3611 950 3676 Lucii
972 3615 1005 3675 et
1026 3610 1176 3694 Appuleii
1193 3610 1263 3675 ’sed

82 3711 178 3774 etiam
209 3707 318 3772 multia
346 3719 422 3794 post
444 3713 582 3780 saeculis
604 3711 826 3782 Macohiavelli
848 3713 990 3778 animum
1011 3713 1059 3776 ita
1081 3711 1261 3793 delectarit,

83 3819 118 3877 ut
141 3809 245 3876 denuo
273 3810 314 3876 ab
340 3811 386 3878 eis
411 3818 634 3882 tractaretur?
671 3815 776 3894 Quid?
803 3814 890 3898 quod
918 3814 1120 3900 antiquitatis
1148 3816 1262 3883 studiis

84 3913 220 3992 renatis,
248 3933 321 3978 cum
348 3933 389 3981 ex
416 3917 515 3986 Italia
542 3919 576 3983 in
598 3919 806 3986 Germaniam
837 3918 893 3983 lux
914 3918 1080 3984 doctrinae
1103 3924 1137 3984 et
1159 3919 1263 3984 erudi·

84 4013 177 4082 tionis
209 4015 363 4099 splendor
396 4022 585 4100 uanairent,
609 4020 755 4112 ⁴Luciani
777 4020 885 4086 asinus
918 4020 979 4086 luit
1005 4021 1090 4088 inter
1118 4027 1262 4088 veterum
1388 4027 1392 4034 '

152 4242 175 4309 ¹)
212 4239 335 4296 muciani
362 4241 468 4316 scripta
495 4243 645 4302 rel.‘edid.
672 4241 881 4304 sommerbrodt
901 4241 998 4300 fascic.
1023 4244 1045 4308 1,
1070 4241 1162 4303 Berol·
1184 4196 1260 4300 Ι1830.

86 4327 169 4402 praef.
187 4344 215 4402 p.
232 4325 327 4386 XVII.
518 4331 520 4338 '
