2878 4698
638 115 826 176 ..6-

183 304 277 365 aaa
305 301 370 368 qno
392 285 526 348 vexatus
553 285 632 360 erat,
661 281 796 366 adrepto
825 280 933 366 gladio
960 284 1045 350 male
1072 281 1253 363 mulcasset,
1281 281 1324 348 ab

145 365 247 456 a‘mioc
277 382 499 464 absconditus,
537 383 684 468 proditus
716 388 766 450 est
800 385 882 452 asini
918 385 1112 454 curiositate.
1156 387 1251 471 (4-4
1256 385 1324 470 45.)

64 491 68 498 '
146 487 273 556 Deinde
292 487 408 556 Lucius
431 485 517 571 apud
538 485 619 553 duos
641 485 769 568 fratres,
792 507 928 572 quorum
949 492 1086 573 uterque
1107 489 1209 556 multa
1231 507 1325 573 oupe-

147 591 202 658 dia
230 591 271 658 de
293 589 445 658 Meneclis
472 590 594 657 domini
620 610 700 656 cena
726 589 855 658 domum
883 591 1084 676 asportabat,
1113 594 1143 659 vi
1145 597 1212 658 tam
1235 593 1326 676 degit

146 693 414 765 iucundissimam.
456 691 500 758 ut
520 697 691 778 postquam
714 694 911 778 patefactum
933 700 992 775 est,
1018 697 1141 764 asinum
1162 695 1326 763 hominum

147 797 234 867 mbos
266 795 435 876 deuorare,
467 795 604 862 fratrum
637 797 797 877 dominus,
829 797 984 864 eiusmodi
1018 799 1113 866 rebus
1153 799 1326 866 admodum

148 899 335 978 delectatus,
370 898 412 966 ad
440 919 551 966 cenam
584 921 655 968 eum
677 900 830 983 jadhibuit
845 907 890 996 et
923 901 1040 969 liberto
1068 901 1193 970 cuidam
1220 887 1352 968 rarias‘

148 1010 237 1072 artes
261 1004 439 1072 docendum
460 1004 601 1072 tradidit.
647 1007 789 1091 (Luciam.
810 1011 962 1086 ‹lo-50.)
1005 1005 1116 1090 Neque
1135 1025 1212 1072 vero
1235 1004 1328 1090 quid·

149 1131 245 1196 quam
272 1107 423 1176 Meneclis
454 1109 595 1174 animum
621 1114 687 1175 tam
716 1110 898 1188 oblectavit,
932 1129 1029 1195 quam
1055 1108 1142 1194 quod
1168 1109 1328 1190 audierat,

150 1214 275 1282 asinum
309 1211 499 1278 libidinosae
535 1212 678 1280 mulieris
712 1213 926 1298 voluptatibus
959 1213 1161 1281 satisfecisse.
1199 1213 1329 1298 ,Itaque

149 1316 257 1403 palam
289 1313 350 1383 hoo
384 1313 547 1398 singulare
578 1315 794 1402 spectaculum
822 1317 855 1382 in
882 1321 1040 1384 conventu
1063 1315 1330 1402 'frequentissimo

150 1419 323 1487 multorum
338 1418 437 1485 oeulis
451 1418 600 1504 praeberi
616 1425 649 1486 et
663 1419 794 1488 Lucium
816 1440 889 1487 cum
910 1419 1030 1486 femina
1051 1419 1191 1505 quadam
1213 1416 1332 1504 capitis
1399 1453 1401 1460 >

151 1521 358 1590 damnatam
379 1521 509 1588 theatro
531 1523 658 1590 misceri
681 1523 787 1590 voluit.
821 1521 885 1589 Ubi
907 1545 978 1590 cum
998 1523 1064 1590 iam
1084 1524 1118 1589 in
1139 1522 1223 1588 lecto
1244 1521 1331 1606 posi-

151 1631 204 1692 tus
227 1629 322 1704 esset,
352 1625 461 1691 asinus
484 1625 644 1694 hominem
666 1647 756 1694 rosas
777 1631 963 1712 portantem
987 1627 1135 1710 adspexit
1156 1627 1332 1710 statimque

151 1729 316 1814 delapsus
337 1728 377 1794 de
409 1727 504 1794 cubili
538 1730 584 1794 eis
615 1730 762 1796 vescitur.
805 1729 876 1796 Tali
902 1728 1000 1795 modo
1026 1728 1163 1794 hominis
1192 1728 1334 1794 formam

152 1831 274 1918 recepit
296 1834 328 1896 et
349 1830 467 1904 Patras
487 1832 521 1898 in
543 1832 680 1915 patriam
702 1854 792 1899 suam
813 1831 918 1898 rediit.
965 1829 1055 1917 (Luc.
1081 1829 1231 1917 51-56.)

241 1933 362 2012 Quodsi
404 1933 445 2000 de
485 1933 594 2000 libello
634 1933 741 2020 aliquo
780 1933 953 2018 disputatio
986 1933 1180 2013 instituitur,
1222 1938 1333 2000 utrum

154 2037 310 2121 genuinus
325 2035 369 2102 sit
389 2056 499 2116 necne,
524 2057 648 2102 summa
669 2057 746 2104 cura
766 2037 992 2121 inquirendum
1014 2035 1149 2114 videtur,
1173 2055 1332 2118 quaenam

153 2144 298 2205 veterum
320 2139 511 2224 scriptorum
540 2143 598 2205 aut
618 2140 868 2225 Byzantinorum
889 2139 1054 2205 hominum
1074 2137 1259 2204 testimonia
1280 2159 1333 2204 ex-

154 2247 235 2308 tent.
281 2241 343 2308 Sed
374 2262 445 2306 cum
472 2262 573 2321 nemo,
601 2243 653 2328 cui¹
679 2243 831 2308 momenti
856 2239 977 2326 aliquid
999 2239 1140 2318 tribuere
1161 2241 1332 2328 possimus,

155 2343 237 2410 asini
259 2335 450 2409 mentionem
472 2343 595 2424 fecerit,
620 2383 657 2392 —
683 2347 816 2428 excepto
838 2363 902 2410 uno
921 2341 1045 2422 Pbotio,
1068 2341 1109 2408 de
1132 2363 1195 2428 quo
1218 2349 1333 2430 postea

154 2447 348 2514 disseremus
364 2484 404 2494 -
420 2445 589 2512 videndum
610 2446 702 2512 nobis
724 2451 782 2524 est,
808 2445 1054 2512 invenianturne
1075 2445 1109 2510 in
1128 2445 1201 2530 ipsa
1222 2447 1333 2514 fabula

154 2547 279 2628 indicia,
315 2569 398 2632 quae
423 2549 455 2614 in
491 2549 679 2634 quaestione
705 2547 907 2614 diiudicanda
933 2569 991 2614 nos
1020 2547 1171 2616 adiurare
1198 2549 1330 2634 possint.
1414 2575 1415 2622 r

155 2651 261 2716 Primo
286 2654 392 2716 autem
414 2651 487 2716 loco
513 2671 569 2716 eae
591 2671 643 2717 res
665 2650 743 2716 milri
764 2651 984 2734 respiciendae
1005 2650 1161 2731 ridentur,
1185 2673 1268 2738 quae
1291 2649 1332 2717 ad

155 2753 254 2818 vitam
283 2753 348 2819 sive
375 2751 534 2836 publicam
560 2753 627 2819 sive
656 2753 816 2838 privatam
845 2753 1021 2837 pertinent3
1049 2774 1125 2820 nam
1156 2774 1196 2820 ex
1217 2753 1266 2819 bis
1288 2753 1335 2818 in·

155 2853 321 2938 telligitur,
353 2875 421 2939 quo·
450 2858 610 2941 tempore,
634 2876 675 2922 ex
706 2855 778 2922 aliis
811 2855 1011 2939 perspicitur,
1045 2877 1066 2922 a
1099 2877 1163 2941 quo
1201 2861 1335 2921 auctore

155 2954 283 3022 libellus
310 2956 354 3022 sit
380 2958 583 3040 compositus.
627 2959 733 3043 Atque
760 2948 905 3043 equidem
928 2980 993 3024 non
1013 2959 1115 3038 adeo,
1146 2979 1202 3023 cur
1224 2976 1335 3022 eorum

116 3049 122 3083 s
138 3047 300 3137 Ιοοοππππ
332 3063 457 3137 natura,
494 3059 550 3126 ubi
586 3063 644 3126 ant
668 3059 889 3126 institutorum
916 3059 1118 3143 publicorum
1144 3065 1336 3123 antrorum

117 3150 355 3278 ξξρπίππππππππ
383 3162 502 3228 mentio
533 3166 584 3227 est
612 3161 711 3241 facta,
737 3166 881 3228 vetemur
910 3166 966 3226 aut
991 3159 1228 3244 prohibeamur,
1256 3179 1333 3244 quo

110 3226 262 3376 fljminus
297 3261 427 3329 Luciani
463 3268 538 3330 aeta
537 3269 569 3329 te
537 3263 743 3329 tlibellum
778 3264 989 3347 compositum
1023 3282 1094 3328 csse
1130 3258 1217 3326 arbit
1202 3265 1336 3328 tremur
1414 3255 1415 3262 '

159 3365 357 3449 Quamquam
384 3365 446 3432 loci
474 3366 627 3451 perpauci
657 3365 805 3432 inreniun
806 3370 868 3445 tur,
894 3365 928 3431 in
956 3364 1071 3450 quibus
1097 3364 1181 3445 inest
1210 3383 1335 3428 morum

32 3518 36 3526 .
156 3467 270 3533 institn
250 3473 440 3554 ntorumque
454 3468 521 3535 tar'n
536 3475 689 3536 accurata
704 3472 738 3534 et
758 3472 848 3534 certa
869 3465 1066 3552 significatio,
1089 3470 1126 3532 nt
1139 3464 1221 3530 lucis
1242 3463 1336 3530 nobis

158 3568 280 3654 aliquid
308 3569 457 3656 effulgeat
483 3571 526 3637 ad
553 3569 695 3637 auctoris
723 3569 790 3636 sive
810 3569 910 3635 ritam
933 3569 998 3636 sire
1020 3571 1161 3636 aetatem
1183 3567 1336 3635 definien-

160 3670 243 3736 dam.
274 3671 337 3738 Sed
357 3677 395 3736 ut
416 3672 548 3757 singula·
564 3672 737 3758 proferam,
759 3673 848 3756 quae
864 3672 898 3737 in
919 3671 991 3756 ipsa
1011 3670 1198 3738 narratione
1219 3673 1335 3736 nomtu

160 3770 257 3856 digna
293 3772 371 3837 mibi
406 3773 475 3840 visa
510 3774 582 3855 sint,
617 3774 659 3841 ad
695 3780 820 3860 tempus
856 3773 1069 3841 definiendum
1102 3770 1336 3857 aliquantulum

159 3873 267 3940 valere
300 3873 460 3941 existimo:
491 3875 630 3961 primum
658 3877 743 3964 qnod
765 3876 993 3946 Thessalonica
1019 3873 1229 3942 Macedoniae
1258 3872 1336 3939 urbs

159 3975 358 4045 nobilissima
384 3976 483 4045 luisse
512 3979 635 4060 dicitur,
666 3980 779 4046 deinde
802 3979 889 4066 quod
917 3982 949 4046 in
971 3980 1033 4046 hac
1054 3977 1134 4046 urbe
1154 3975 1337 4062 provinciae

159 4099 294 4163 praeses
320 4079 369 4150 ius
389 4080 540 4164 reddidit,
567 4087 634 4148 tum
657 4083 742 4168 quod
765 4105 803 4149 eo
824 4089 968 4167 tempore
988 4081 1060 4167 lege
1083 4081 1242 4148 sancitum
1264 4096 1335 4144 esse

159 4181 294 4262 videtur,
339 4189 375 4250 ut
417 4184 561 4252 homines
598 4187 684 4273 magi
719 4192 753 4253 et
789 4184 927 4251 malefici
962 4184 1024 4252 rivi
1064 4183 1335 4251 comburerentur.

160 4286 243 4372 (cap.
266 4287 331 4376 54.)
372 4286 456 4356 Nam
484 4311 523 4358 ex
551 4288 645 4358 titulo
674 4292 707 4357 et
732 4290 860 4358 nomine
886 4288 1094 4376 magistratus
1122 4286 1220 4372 illius,
1247 4283 1336 4354 ouius
1414 4351 1415 4378 ξ
