2878 4698
558 163 750 222 ..9.-

73 321 270 416 4444444444
298 327 410 392 furore
437 326 563 410 poetico
591 289 758 392 incitatum
786 331 855 392 444
864 329 921 410 444
922 326 990 392 riae
998 321 1147 392 studib'
1137 346 1242 394 mecn-

74 437 135 502 so'm
157 431 244 498 urbis
267 427 496 510 claritudinem
508 427 612 494 verbis
631 429 772 496 auxisse·
770 429 935 502 dixerim,¹
949 427 1019 493 com
1041 415 1166 494 mdem
1174 423 1242 497 lere

71 543 208 619 tempore
241 532 338 598 etiam
367 529 483 598 Strabo
510 529 812 598 Thessalonicam
802 554 836 596 m
839 537 889 596 ter
839 529 1123 620 tMacedoniac
1149 531 1244 596 urbes

72 639 203 704 maxime
232 633 411 702 incolarum
433 633 637 700 multitudine
660 633 825 699 abundare
845 631 1035 718 profiteatur
1058 633 1141 716 (VII,
1165 641 1192 715 7,
1216 641 1244 700 4.

74 732 335 820 &molosiacum
365 735 583 823 Μακεδονική
612 717 771 814 πόλις,
744 762 764 824 η
793 737 851 803 νῦν
875 733 1021 821 μάλιστα
1047 737 1113 802 τῶν
1134 725 1247 802 αλλων

70 833 239 928 εὔανδρεῖ).
282 837 435 923 Itaque
426 856 490 902 ram
524 839 683 904 centum
685 840 776 904 annis
814 843 888 904 ante
921 837 1097 904 Luciannm
1135 843 1247 903 natum

69 943 175 1010 urbem
203 939 290 1008 illam
318 961 421 1024 aeque
449 961 469 1004 a
496 941 704 1024 scriptoribus
731 946 863 1026 propter
884 940 1137 1026 magnitudinem
1159 939 1247 1006 vide-

70 1065 135 1112 mus
156 1042 319 1110 laudatam
342 1062 413 1108 esse
436 1046 534 1126 atque
556 1043 588 1108 in
611 1042 732 1122 fabula,
754 1043 794 1108 de
816 1065 882 1130 qua
903 1043 1035 1128 agimus.
1083 1042 1144 1109 Sed
1169 1041 1248 1128 quid

68 1147 204 1230 mirum?
247 1145 361 1212 Nonne
395 1145 459 1212 ium
497 1144 572 1212 belli
601 1145 701 1212 ciuilis
729 1146 927 1230 temporibus
958 1146 1107 1212 Caesaris
1137 1143 1248 1212 adver·

68 1247 410 1316 sariisThessaloniea
438 1247 536 1332 digua
564 1254 616 1315 est
642 1249 718 1328 visa,
749 1249 782 1314 in
811 1271 876 1332 qua
904 1249 1091 1334 optimatum
1115 1255 1247 1314 senatus

68 1353 171 1418 sedem
201 1349 357 1416 haberet?
400 1349 472 1416 Iam
498 1371 574 1417 vero
603 1371 706 1418 nonne
735 1351 836 1436 ipsius
857 1351 945 1417 urbis
969 1351 1050 1417 situs
1074 1356 1108 1416 44
1128 1339 1268 1417 444444

67 1455 196 1520 luerunt
223 1450 385 1530 eiusmodi,
417 1456 545 1518 44444
571 1454 666 1520 modo
696 1453 904 1522 Macedoniae
936 1453 1120 1526 sedetiam
1148 1453 1271 1520 maris·

69 1555 243 1626 4444444414
283 1555 412 1622 domina
449 1554 544 1624 facile
581 1555 754 1624 4444444444
808 1555 871 1624 Sed
911 1556 975 1621 iam
1006 1555 1120 1640 longus
1147 1556 1252 1624 fuisse

68 1660 144 1727 mihi
166 1657 276 1726 videor
297 1659 329 1724 in
353 1657 452 1734 rebus
476 1657 664 1750 exploratis3
692 1659 858 1726 videamus
880 1659 989 1744 igitur,
1019 1679 1082 1746 quo
1104 1663 1248 1744 tempora

67 1761 274 1834 Macedoniae
310 1781 442 1846 praeses
479 1759 728 1828 Thessalonicae
764 1761 873 1830 sedem
916 1761 1077 1830 habuerit.
1135 1761 1248 1848 Neque

67 1866 146 1932 haee
176 1863 323 1950 quaestio
355 1868 405 1928 est
432 1862 632 1948 negligenda,
664 1883 735 1930 cum
762 1864 796 1929 in
817 1864 934 1944 libello,
964 1865 1003 1930 de
1026 1887 1090 1950 quo
1113 1856 1247 1949 agimus,

66 1965 184 2034 Lucius
206 1965 325 2034 abillo
349 1965 541 2050 magistratu
562 1955 686 2056 (ἅρχων
705 1965 762 2053 τῆς
786 1961 964 2057 ἐπαρχίας)
993 1966 1121 2033 domum
1150 1966 1248 2033 dedu-

68 2073 141 2135 ctus
163 2087 234 2136 esse
256 2068 392 2149 dicatur.
430 2069 473 2134 nt
495 2089 571 2134 cave
592 2089 633 2135 ne
654 2073 776 2136 temere
798 2089 909 2153 speres
931 2069 994 2134 hac
1015 2091 1050 2135 re
1074 2069 1249 2136 diiudicata
1298 2123 1301 2128 ,
1366 2111 1368 2116 -

66 2170 164 2238 facile
191 2173 294 2238 totam
321 2169 584 2252 disceptationem
611 2167 801 2238 dissolutum
827 2169 876 2234 iri.
922 2170 1005 2236 Nam
1027 2193 1084 2256 per
1106 2177 1156 2239 tot
1178 2193 1248 2239 444-

67 2273 212 2339 culorum
246 2272 386 2356 spatium
414 2271 674 2339 Thessalonicam
706 2277 803 2358 caput
837 2271 1021 2356 provinciae
1054 2278 1111 2339 aut
1146 2275 1248 2360 partis

66 2375 248 2460 provinciae
270 2373 370 2442 fuisse
384 2376 536 2455 videmus,
559 2380 597 2440 ut
619 2376 698 2440 certi
721 2374 895 2460 quidquam
919 2375 1109 2442 concludere
1131 2398 1249 2461 neque-

67 2499 168 2544 amus.
210 2478 346 2556 Etenim,
380 2483 416 2542 44
452 2477 550 2544 altius
580 2469 734 2561 repetam,
760 2477 969 2543 Macedonum
1000 2499 1140 2562 regnum,
1177 2499 1249 2547 cum
1345 2509 1346 2514 1

66 2581 187 2647 Perseo
214 2580 339 2647 444444
360 2576 512 2646 Romani
526 2599 579 2644 res
608 2583 846 2670 comppnerent,
872 2579 1030 2646 libertatis
1058 2581 1164 2665 specie
1186 2602 1250 2650 non

65 2683 219 2768 adempta
241 2683 274 2748 in
288 2686 449 2768 'quattuor
470 2685 580 2767 partas
602 2687 651 2748 est
673 2681 807 2749 divisum
831 2687 864 2748 et
887 2683 1115 2751 Thessalonica
1137 2703 1249 2754 secun-

65 2785 130 2852 dae
157 2784 298 2870 regionis
327 2790 424 2869 eaput
450 2790 501 2850 est
529 2785 659 2851 lactum.
703 2787 809 2868 Atque
840 2791 964 2868 postea,
995 2808 1065 2851 cum
1094 2786 1250 2857 seditione

63 2883 217 2972 repressa
251 2887 400 2954 universa
432 2885 621 2954 Macedonia
656 2887 689 2952 in
724 2886 907 2970 provinciae
943 2888 1078 2953 formam
1114 2887 1248 2956 redacta

64 2995 165 3066 esset,
195 2989 243 3056 vir
270 2989 459 3072 praetorius,
489 2992 541 3056 cui
570 2996 657 3058 sorte
685 2988 853 3060 eveniebat
874 2989 963 3067 haec,
993 2990 1026 3054 in
1049 2990 1249 3058 Thessaloni·

64 3091 210 3158 censium
240 3091 319 3157 urbe
347 3091 542 3158 domicilium
573 3092 721 3171 habebat,
748 3093 780 3158 iu
811 3111 875 3175 qua
903 3091 999 3156 etiam
1028 3097 1102 3174 post
1122 3095 1249 3181 provin-

63 3193 193 3260 ciarum
229 3192 415 3260 divisionem
452 3194 494 3260 ab
520 3195 666 3280 Augusto
702 3194 823 3260 factam
857 3193 1066 3278 proconsules
1103 3195 1250 3262 habitare

63 3294 216 3362 solebant
225 3297 263 3380 ¹).
293 3296 398 3374 Quid?
419 3298 505 3380 quod
520 3297 712 3364 Diocletiani
735 3302 768 3363 et
782 3295 986 3362 Constantini
1009 3301 1116 3362 aetate
1137 3297 1179 3364 ab
1194 3298 1249 3378 eis,

62 3397 123 3483 qui
160 3397 286 3482 imperii
307 3398 443 3464 Romani
479 3403 585 3466 terras
623 3399 726 3466 denuo
762 3399 795 3466 iu
839 3399 1018 3484 provincias
1062 3399 1248 3480 diviserunt,

62 3498 297 3566 Thessalonica
323 3499 467 3567 melioris
495 3507 529 3568 44
554 3502 685 3569 maioris
714 3511 765 3568 ex·
783 3500 910 3568 duabus¹
937 3500 1146 3567 Macedoniae
1177 3521 1247 3584 parf

59 3601 154 3668 tibus
178 3606 276 3686 caput
297 3609 347 3669 est
368 3604 523 3671 constitut
508 3604 628 3692 tum¹).
674 3604 790 3690 Itaque
816 3624 856 3668 ne
879 3603 959 3670 haec
982 3602 1108 3690 quidem
1131 3622 1184 3668 res
1213 3639 1247 3650 «-

61 3703 156 3790 quod
191 3702 373 3788 provinciae
409 3706 635 3791 praesidem
626 3729 661 3774 m
698 3705 755 3772 illa
788 3705 883 3771 civita
883 3709 916 3770 te
883 3703 1058 3772 tsedem
1094 3703 1249 3783 habuisse

60 3807 247 3874 scimus-
272 3805 407 3874 multum
434 3809 520 3877 valet
548 3809 590 3888 ad
616 3810 837 3896 quaestionem
866 3805 1109 3876 diiudicandum.
1154 3806 1225 3872 nt·
1215 3829 1270 3872 m-

60 3908 132 3976 alia
151 3929 188 3974 re
203 3907 399 3989 offendimus,
424 3911 512 3995 quod
533 3909 704 3998 proconsul
720 3909 976 3990 Thessalonicae,
999 3931 1094 3995 quam
1115 3895 1248 3977 liberam

138 4183 162 4254 ¹)
198 4179 467 4254 Bcckcaanciquin
486 4181 563 4236 Rom.
583 4182 680 4250 111‚1,
700 4183 758 4240 115

110 4267 174 4414 Md
199 4266 235 4326 ci.
268 4267 367 4328 nohtia
401 4266 573 4344 dignitatus
606 4265 679 4330 edid
710 4267 865 4343 Boecking,
899 4267 980 4328 Boou
1014 4267 1088 4328 laea
1133 4265 1195 4326 Vct
1226 4264 1249 4323 1.

56 4373 88 4429 P·
