2878 4698
540 53 590 140 '-
633 92 757 165 21.-

65 268 99 352 (l.
121 287 148 332 o.
169 287 201 350 p.
225 262 303 349 247)
327 259 514 340 sententiae,
535 257 591 344 qui
612 263 785 340 auctorem,
808 279 880 325 oum
892 257 1066 344 indignum
1087 278 1169 328 cesa
1179 259 1245 326 eai-

67 368 214 434 stimaret
228 385 364 462 puerum
377 362 607 448 nequissimum
621 361 750 445 impune
763 361 907 443 evadere,
925 362 1006 472 haee
1016 362 1243 447 interposuisse

67 473 187 582 censat,
207 489 250 534 ιιι
270 469 391 534 iustam
412 485 548 551 poenam
570 463 771 548 effugeret.-

103 575 182 653 4)
199 567 529 656 campaniensibus
541 565 778 651 tlepolemique
787 572 925 632 mortem
936 519 1008 633 tota
1015 511 1188 634 ιιιιιιιιιιι
1161 568 1243 634 vasis

63 675 206 741 collectis
219 677 289 740 cast
289 695 326 739 ra
275 671 499 750 tmoriseet,
514 690 566 735 res
581 670 681 736 mirae
697 669 965 754 aoprodigiosae
964 669 1015 735 ιιι
1031 673 1244 737 memmerunt

63 799 143 864 quas
166 776 371 862 Appuleius'
361 795 396 840 m
417 773 498 839 libro
522 771 606 841 VIII
630 773 675 859 (p.
700 778 762 838 548
785 771 868 859 sqq.)
893 769 1126 838 ιιοιιιιιιιιιιι.
1161 770 1243 839 Nar-

62 888 117 948 rat
138 875 235 950 enim·
251 878 488 945 rusticanorum
509 874 671 942 bominum
691 876 847 960 impetum
860 876 896 940 in
917 895 971 940 eos
992 874 1128 954 lactum,
1148 875 1246 954 ‚robu-

67 989 153 1049 stum
175 983 320 1048 iuvenem
342 973 727 1064 adpaoonedevorsatum,
748 999 886 1064 poenam
901 975 1245 1062 acerbissimtmsenro

64 1087 212 1155 adultero
240 1081 432 1168 impositam.
482 1080 574 1148 Haec
603 1086 711 1147 antem
748 1082 790 1147 de
822 1103 914 1150 servo
952 1081 1066 1167 capitis
1094 1080 1245 1152 damnato

66 1191 180 1259 fabula
207 1193 275 1254 tarn
302 1185 442 1252 breviter
469 1189 503 1250 et
525 1184 661 1250 strictim
685 1190 734 1250 est
756 1185 1004 1270 compositast
1025 1184 1102 1252 mihi
1119 1183 1165 1250 ab
1186 1188 1246 1272 Ap·
1280 1187 1344 1258 „4”-

64 1294 173 1382 puleio
201 1291 331 1358 inventa
359 1292 392 1353 ot
418 1288 542 1359 inserta
564 1291 641 1353 'esse
654 1289 731 1351 'non
758 1287 916 1354 videatur.
968 1288 1018 1354 Ao
1040 1285 1196 1372 profectol
1219 1291 1248 1356 si

66 1395 244 1483 periculum
266 1392 350 1458 ‘velis
372 1389 495 1469 iacere,
524 1390 636 1476 paucis
664 1389 783 1456 verbis
798 1392 930 1457 mutatis
958 1391 992 1456 in
1014 1409 1163 1476 graecum
1184 1413 1247 1458 ser-

19 1501 21 1510 ’
67 1520 192 1567 monem
220 1496 323 1582 possis
352 1493 540 1575 transferre.
588 1493 693 1571 Quam
725 1493 863 1560 obrem
894 1516 933 1562 ex
1001 1515 1079 1562 aeno
1112 1495 1247 1579 quodem
1289 1495 1303 1609 )

66 1607 199 1669 auctore
228 1599 271 1666 ab
299 1597 427 1664 homine
454 1596 556 1664 latino
584 1615 654 1662 eam
683 1597 817 1682 petitam
847 1619 917 1665 esse
946 1516 1249 1677 offusam
1283 1616 1312 1694 f*

64 1725 204 1790 quonam
237 1705 371 1768 anctore
403 1699 626 1783 transscripsit
656 1699 855 1784 Appuleius?
894 1702 944 1766 An
974 1723 1016 1766 ex
1047 1699 1145 1765 Lucio
1187 1699 1248 1766 Pa-

65 1807 189 1874 trensi?
220 1804 291 1872 Hoc
320 1805 448 1889 opinor,
472 1802 596 1868 laetum
619 1822 691 1868 esse
711 1801 839 1886 nequit,¹
866 1803 942 1887 quia
962 1825 1076 1888 pamm
1099 1802 1251 1869 cohaeret

69 1932 143 1976 oum
178 1907 373 1974 narrationis
405 1909 656 1992 argumento.‘.‘..‚
679 1905 779 1971 Haud
809 1911 947 1990 ιοιιιιιιι,
974 1905 1250 1973 ιιιιιιι.»ιιιιιιιιιιιιι

70 2013 124 2090 ιιι,
147 2009 204 2076 sed
227 2030 312 2090 cave,
334 2029 375 2076 ne
402 2007 613 2074 inconsultius
642 1999 774 2075 de'hao
796 2031 831 2074 re
852 2009 983 2076 iudices.
1028 2009 1156 2076 Etenim
1179 2029 1250 2075 curn

65 2112 204 2179 Photius
219 2111 312 2178 nobis
327 2131 390 2178 non
406 2111 598 2195 exposuerit,
621 2112 715 2196 quale
730 2112 828 2178 merit
844 2105 1024 2179 ceterorum
1047 2111 1138 2178 ιιιιιιι
1152 2111 1248 2178 libr'o-

65 2238 138 2282 rum
163 2219 406 2300 argumentum,
436 2212 629 2280 temeritatis
657 2220 708 2281 est
733 2215 874 2282 fortasse
904 2215 999 2300 plane
1025 2235 1153 2302 negare,
1176 2234 1252 2278 non·

66 2318 163 2384 nulla
183 2338 223 2384 ex
241 2317 306 2396 eis,
345 2337 427 2401 quae
455 2316 630 2402 Appuleius
656 2317 735 2382 locis
764 2318 986 2403 inopportunis
1013 2316 1251 2402 interposuerit,

66 2423 100 2486 in
123 2420 354 2505 posterioribus
383 2420 550 2488 Patrensis
581 2418 673 2485 libris
702 2422 856 2487 extitisse.
901 2421 1014 2504 Itaque
1043 2421 1071 2485 si
1093 2421 1154 2486 hoo
1181 2419 1251 2504 ipso

66 2525 149 2604 looo,
178 2522 329 2606 quaeda
361 2521 556 2590 colonorum·
574 2522 747 2590 inimicitiis
760 2549 762 2557 ¹
775 2529 807 2588 et
835 2523 876 2588 de
906 2523 1054 2597 draconis
1082 2521 1252 2590 atrocitate

65 2631 192 2704 narret,
220 2645 259 2690 ca
281 2625 469 2710 Appuleium
499 2647 519 2692 a
539 2627 639 2694 Lucio
668 2627 782 2710 petiiso
805 2626 1019 2705 concedimus,
1045 2626 1143 2692 etiam
1165 2623 1253 2691 fabu-

67 2729 132 2796 lam
163 2725 267 2805 illam,
301 2730 335 2794 in
362 2749 428 2812 qua
454 2729 632 2796 orationem
664 2749 766 2814 paene
793 2749 943 2813 graecam
970 2729 1176 2807 inveniamus,
1211 2725 1253 2794 ab

44 2825 184 2900 'eodem
207 2832 374 2914 scriptore,
397 2830 457 2896 etsi
481 2831 607 2909 analio
629 2831 722 2910 libro,
746 2830 947 2916 desumptam
970 2847 1047 2896 esso.
1069 2831 1157 2898 haud
1186 2831 1252 2902 scio
1380 2875 1381 2880 κ

66 2957 113 3000 an
140 2934 211 3016 iure
242 2931 469 3000 existimemus.
514 2932 576 3000 Sed
613 2938 686 2999 utut
723 2938 782 3013 est,
819 2933 852 2998 id
889 2933 985 3011 facile
1021 2934 1251 3014 conveniemus

69 3036 177 3104 omnia
206 3055 289 3122 quae
317 3034 351 3102 in
373 3033 487 3102 itinere
513 3034 601 3102 lacta
625 3055 696 3102 esse
716 3036 897 3118 traduntur,
920 3057 983 3103 non
1007 3037 1176 3122 repudiata
1197 3041 1255 3102 aut

69 3139 190 3206 omissa
213 3159 284 3206 esse
306 3159 326 3204 a
347 3136 497 3219 Lucieno,
521 3139 578 3206 sed
600 3145 675 3223 post
698 3159 769 3206 eum
791 3160 811 3206 a
831 3139 931 3206 Lucio
955 3143 987 3204 ιι
999 3139 1156 3224 Appuleio
1181 3159 1252 3205 esse

69 3241 271 3326 interposita.
1228 3301 1231 3308 ,

160 3349 191 3425 5)
234 3343 409 3410 Praeterea
436 3341 501 3408 iam
523 3343 654 3410 Lucium
680 3344 862 3412 narravisse
892 3343 1051 3426 arbitror,
1077 3349 1256 3430 quaesunt

69 3446 268 3534 lepidissime
295 3445 374 3512 licta
402 3444 442 3510 de
472 3446 524 3514 via
553 3466 592 3512 ao
619 3447 778 3529 racione,
797 3447 912 3532 quibus
940 3449 1064 3514 asinum
1093 3469 1157 3514 non
1184 3467 1255 3514 esse

70 3549 220 3619 rabidum
252 3549 402 3615 custodes
432 3553 656 3635 cognoverunt.
687 3549 782 3636 (App.
812 3549 858 3616 IX
873 3573 903 3635 p.
929 3552 1014 3636 596.)
1060 3551 1149 3616 Adeo
1172 3549 1255 3618 euin

72 3653 211 3739 simplex
233 3658 284 3720 est
304 3650 565 3732 narratiuncula,
587 3656 624 3718 ut
645 3651 688 3718 ab
708 3653 819 3720 inflato
843 3659 876 3720 et
897 3654 991 3722 nimis
1011 3654 1157 3737 quaesito
1181 3653 1256 3719 sori-

70 3753 414 3842 ptorisldadaurensis
436 3775 551 3840 genere
566 3755 720 3822 narrandi
741 3755 845 3824 aliena
868 3759 920 3826 ιιι.
965 3757 1048 3837 Quin
1071 3758 1166 3824 etiam
1188 3762 1255 3824 tam

72 3863 149 3944 apte
164 3931 168 3940 ,
183 3863 254 3924 dum
292 3857 405 3926 fabula
435 3864 484 3950 est
506 3859 691 3938 coniuncta,
721 3866 758 3926 ιιι
780 3862 956 3929 Lucianum
978 3860 1070 3928 Lucii
1091 3881 1170 3945 opus
1194 3861 1257 3944 epi-

71 3969 215 4027 tomasse
245 3960 496 4040 arbitraremur,
522 3963 584 4028 nisi
612 3963 709 4029 moris
733 3985 803 4030 esse
825 3965 959 4032 Laciani
982 3967 1154 4043 constaret,
1177 3963 1256 4028 satis

73 4064 185 4129 multis
214 4065 319 4130 verbis
345 4063 483 4145 referre,
513 4065 628 4148 quibus
658 4067 756 4132 variis
786 4067 914 4134 casibus
944 4069 1053 4135 asinus
1076 4070 1257 4144 vexaretur,

74 4161 147 4248 sedi
164 4166 276 4250 paucis
299 4187 468 4251 exponere,
490 4169 651 4252 quomodo
682 4169 775 4237 malis
796 4169 999 4238 liberaretur.
1045 4168 1138 4249 Quod
1160 4189 1258 4252 quam

74 4269 185 4357 rerum
208 4269 265 4352 sit,
289 4271 368 4342 satis
391 4271 449 4367 tibi
473 4271 654 4368 ostenditur
675 4273 708 4343 in
722 4273 802 4344 'extr
825 4275 975 4365 capto,
998 4272 1052 4340 nbi
1073 4271 1258 4362 merissime
