2878 4698
496 65 903 206 ¹--25-¹

168 286 284 356 aaut
310 289 348 352 ut
371 285 551 371 munnam
574 284 733 350 diluamus
760 291 799 350 aa
820 254 1002 362 rafiitem‘sss,
1026 305 1121 370 quarn
1137 284 1267 362 ddanso,
1307 357 1325 374 Ἄ

73 389 367 470 ιιιιῑοοιίιιιιιιιιι,
391 389 524 474 protulit
538 390 575 474 ¹).
618 389 656 454 Is
676 387 759 454 enim
782 385 973 462 Lupicinum,
995 407 1068 454 cum
1088 387 1210 455 librum
1225 386 1267 456 ule
1318 396 1321 410 '

76 517 121 562 eo
144 495 300 578 scriptum
322 492 480 570 crederet,
511 492 602 557 Lucii
623 492 725 556 libros
747 489 871 558 eisdem
890 489 956 556 fare
977 489 1088 556 verbis.
1106 489 1267 559 imitatum

76 619 155 666 esse
185 596 319 674 censuit,
350 597 386 660 ut
413 600 578 662 auctorum
608 595 796 660 Patrensem
824 613 944 676 eosque
973 593 1147 676 scriptores
1174 591 1268 660 caeti·

77 706 182 788 garet
203 705 235 764 et
261 697 507 782 perstringeret,
536 697 590 782 qui
611 697 669 763 illa
690 701 799 763 aetate
818 717 871 762 res
895 695 988 762 nimis
1009 695 1211 780 prodigiosas
1232 698 1268 763 ut

75 823 177 870 ueras
200 799 427 868 narravissent.
470 801 600 868 Deinde.
618 799 786 866 eonsilium
807 797 948 864 luciano
965 796 1264 881 ‹maximexdignum

7 981 27 990 „
79 905 201 980 fuisse,
231 904 321 968 Lucii
346 904 512 970 Patrensis
540 904 801 988 superstitionem
822 901 871 968 ita
891 901 1044 979 inridere,
1073 904 1110 966 ut
1131 900 1170 969 in*
1187 899 1268 970 mira

79 1008 196 1076 fabula
216 1007 257 1073 ab
279 1027 318 1072 eo
339 1007 658 1092 compositasprimas
679 1011 790 1092 partes
813 1007 1047 1090 eurnagentern
1064 1002 1201 1070 iaceret.
1226 1038 1264 1057 η

81 1111 170 1191 Quid
192 1111 311 1195 igitur?
340 1110 516 1194 Dignumne
546 1131 616 1176 esse
645 1109 778 1178 Luciaui
800 1107 937 1193 ingenio,
959 1105 1200 1174 aliuahominie
1222 1105 1256 1175 f·

83 1213 196 1282 bulum
215 1213 343 1278 numine
363 1218 486 1280 mumto
508 1213 542 1278 in
564 1213 699 1279 satiram
722 1209 969 1280 transscribere!
988 1209 1118 1282 Eamne
1137 1231 1216 1276 >esse
1234 1209 1269 1275 iu

80 1315 276 1382 inveniendo
303 1314 489 1381 felicitatem
504 1339 543 1382 a
576 1317 707 1382 summis
740 1315 817 1381 viris
844 1315 982 1381 maxime
1013 1312 1195 1380 laudatam!
1234 1311 1269 1381 Si

82 1417 312 1504 paucauerba
333 1415 383 1483 vel
404 1439 500 1485 unam
522 1417 672 1504 pagiuam
693 1419 840 1486 imitatus
862 1419 993 1484 Lucium
1015 1415 1176 1493 illusisset
1201 1437 1269 1482 cre·
1360 1474 1362 1483 .

84 1523 212 1602 darem,
237 1520 295 1586 sed
319 1521 425 1586 omnia
446 1520 517 1588 fara
538 1522 572 1588 in
593 1521 791 1590 hoc'liballo
818 1531 858 1588 ex
883 1520 987 1588 alieno
1014 1539 1112 1604 opere
1142 1519 1266 1586 desum*
1361 1508 1364 1517 ¹

84 1627 193 1710 puisse
218 1623 392 1690 Lucianum
419 1644 511 1712 nego.
561 1627 645 1691 Nam
673 1629 720 1690 ut,
737 1622 871 1691 Luciani
896 1624 1017 1708 scripto
1047 1621 1192 1688 homines
1219 1641 1269 1692 su·

83 1728 292 1813 perstitimus
307 1731 365 1792 aut
378 1725 595 1810 voluptatibus
618 1728 743 1795 deditos
766 1727 925 1812 exagitari
947 1725 1096 1806 cencede,
1119 1724 1166 1793 ita
1188 1745 1269 1790 nun*

84 1851 184 1916 quam
216 1828 404 1912 persuaderi
430 1830 507 1896 mihi
535 1831 671 1914 poterit,
695 1830 778 1897 hanc
797 1831 946 1909 satirm,
975 1829 1004 1896 si
1032 1827 1270 1906 estsatira,i11

84 1953 185 1998 unum
214 1930 376 1999 homiuem
403 1953 473 1998 esse
502 1933 630 1999 motam.
687 1933 790 2000 Multa
818 1933 900 1998 enim
929 1932 964 1998 in
990 1951 1031 1998 ea
1057 1929 1271 2007 inveniuntur,
1336 1930 1343 2015 j

85 2023 171 2118 quaa
193 2054 265 2102 cum
287 2033 464 2102 dictasint
486 2036 518 2101 iu
540 2035 705 2102 hominum
728 2056 829 2122 genus
851 2035 902 2104 vel
916 2035 1003 2102 vitiis
1018 2033 1211 2120 veliineptiis
1226 2029 1272 2101 iu·
1330 2018 1337 2081 ι’

87 2137 193 2222 signe,
215 2136 310 2221 plane
325 2139 465 2204 absurda
486 2137 649 2220 videntur,
673 2139 702 2204 si
723 2139 831 2204 omnia
851 2139 894 2206 ad
907 2137 1000 2204 Lucii
1014 2134 1271 2221 superstitionem

88 2239 369 2326 perstringendam
396 2242 557 2324 pertinere
590 2241 794 2308 arbitramur.
845 2243 948 2320 Quam
978 2239 1113 2323 denique
1142 2256 1272 2326 oensem

88 2341 188 2408 fuisse
211 2348 316 2426 putas,
338 2364 395 2408 eur
418 2350 531 2410 auctor
546 2343 602 2409 diu
624 2364 662 2408 ae
684 2365 782 2430 saepe
801 2345 835 2410 iu
856 2345 955 2410 rebus
976 2341 1145 2410 obscoenis
1165 2358 1271 2407 uersa·

87 2449 190 2523 retur,
220 2445 247 2509 si
273 2445 306 2509 id
345 2467 442 2510 unum
471 2450 735 2530 persequeretur,
767 2451 803 2512 ut
829 2447 994 2513 Patrensis
1021 2445 1107 2510 illius
1137 2439 1271 2512 hominis

88 2546 258 2614 stultitiam
279 2547 458 2616 inuideret?
1106 2576 1108 2580 ¹

174 2648 263 2727 Quae
286 2671 358 2716 oum
379 2650 427 2717 ita
449 2651 528 2732 sint,
552 2651 639 2718 omni
660 2656 923 2735 argumentorum
946 2671 1063 2738 genere
1086 2648 1163 2716 mihi
1184 2644 1269 2716 vide·

87 2755 140 2816 tur
160 2751 384 2834 demonstrari,
408 2775 480 2818 eum
503 2753 658 2830 libellum,
690 2755 745 2838 qui
766 2755 851 2819 inter
873 2753 1050 2821 Lueianeos
1072 2752 1135 2836 legi
1158 2748 1269 2824 soleat

88 2853 209 2920 iontem
231 2874 302 2918 esse
322 2855 477 2920 librorum
499 2877 518 2922 a
541 2856 640 2922 Lucio
662 2857 811 2924 Patrensi
839 2861 872 2921 et
898 2861 972 2940 poet
1002 2877 1073 2924 eum
1096 2854 1142 2922 ab'
1166 2853 1284 2936 Appuz

88 2957 151 3020 laio
177 2957 436 3039 compositorum.
489 2959 602 3044 ltaque
633 2961 659 3024 si
681 2959 765 3026 hunc
788 2962 983 3044 scriptorum
1002 2959 1147 3026 andium
1170 2952 1269 3023 fuisse

88 3055 291 3136 arbitramur,
318 3059 533 3128 multanobis
555 3063 725 3147 perspicua
746 3066 780 3128 et
802 3067 915 3145 aperta
937 3062 1034 3139 fiunt,
1064 3081 1145 3144 quae
1174 3061 1269 3127 anta

89 3164 181 3225 eraut
202 3160 280 3226 satis
304 3162 443 3230 obscura
466 3169 498 3229 et
525 3164 689 3248 impedita.
735 3165 862 3232 Etenim
884 3169 921 3230 ut
943 3164 986 3230 ad
1005 3159 1175 3232 Wielandii
1197 3177 1268 3227 seu·

88 3262 218 3327 tentiam
245 3269 447 3330 revertamur
475 3287 512 3331 eo
541 3267 735 3346 inclinantis,
765 3265 900 3334 Lucium
921 3267 1110 3337 Patreusem
1139 3263 1265 3338 omniuo

89 3385 150 3430 non
170 3362 279 3446 fuisse,
303 3366 361 3432 sed
383 3387 498 3434 nomen
520 3369 598 3434 illud
623 3391 662 3436 eu
684 3370 819 3438 duorum
832 3369 996 3438 ¹libroruin
1018 3368 1128 3436 fabula
1155 3368 1189 3436 in
1212 3387 1266 3440 all·

89 3473 208 3532 ctorem
223 3468 328 3552 ipsum
343 3471 501 3551 transiise,
526 3494 645 3557 negare
660 3493 724 3538 non
745 3495 924 3558 possumus,
947 3473 1028 3538 hanc
1048 3472 1265 3544 coniecturam

87 3589 159 3660 esse
183 3569 249 3634 veri
270 3571 472 3638 simillimam.
518 3575 620 3652 Quid?
643 3576 671 3640 si
686 3576 820 3642 Lucium
835 3596 941 3642 rerum
962 3577 1150 3660 scriptorem
1166 3573 1265 3647 fuisse

89 3677 245 3756 putamus,
267 3693 372 3740 nonne
394 3676 510 3742 mirum
533 3681 583 3742 est
596 3677 791 3758 habendum,
811 3679 970 3744 hominem
985 3678 1077 3744 illum
1090 3699 1153 3747 non
1170 3677 1264 3744 modo

90 3795 139 3840 res
153 3773 356 3860 prodigiosas
370 3777 428 3842 sed
450 3779 545 3844 etiam
568 3781 772 3863 turpissimas
795 3782 878 3867 (cap.
902 3787 931 3848 8.
955 3785 1018 3860 51.)
1040 3781 1081 3846 de
1104 3802 1139 3846 se
1160 3781 1265 3866 ipsum

90 3877 288 3942 narravisse?
321 3879 432 3963 Neque
460 3880 589 3950 difficile
623 3903 722 3948 causa
753 3883 927 3968 reperitur,
961 3905 1018 3950 cur
1042 3890 1165 3963 auctor,
1184 3905 1265 3958 ,cum
1351 3879 1353 3882 ’

91 3999 165 4062 opus
184 3979 219 4044 iu
240 3980 344 4048 lucem
367 3984 519 4064 emiserit,
541 4005 657 4051 nomen
679 4007 769 4052 suum
792 4009 855 4056 nen
877 3987 1088 4070 inscripserit.
1131 3987 1214 4054 Nam
1236 3991 1265 4052 si

90 4081 193 4158 libros,
217 4085 362 4166 quamvis
385 4107 457 4152 oum
479 4085 713 4170 argumentum,
740 4093 809 4155 tum
834 4090 1021 4176 plerumque
1050 4092 1147 4158 etiam
1169 4088 1265 4157 verba

92 4221 293 4237 *nn-¹·-

102 4325 105 4330 ,
157 4305 179 4374 2,
215 4301 262 4373 ιι,
281 4303 388 4378 ,sapa
405 4305 560 4367 miscellan.
575 4309 654 4386 urps.
674 4311 748 4369 reor.
785 4311 864 4376 rom.
881 4312 919 4372 11·
935 4330 962 4387 n
981 4313 1034 4374 aa
1048 4329 1110 4392 ‘ruu-
