2878 4698
219 1 428 86 ·;','.‡avw
532 5 567 60 (L
603 25 636 66 va
708 1 871 86 μέρη)
930 51 940 97 Ι
1023 7 1048 90 ‘J'

648 78 863 184 451-
998 64 1010 112 '

161 289 258 368 medii
293 289 448 358 aoristus:
490 307 560 373 cap.
594 293 645 356 44.
680 281 800 373 λόγχας
836 279 1038 356 ἐσπάσαντο.
1080 283 1121 336 -’
1152 285 1276 369 Deinde
1309 287 1349 353 in

162 414 233 480 cap.
258 398 307 458 31.
329 381 571 474 καταγεάμενοι
593 397 627 458 51
650 397 699 458 51.
723 387 932 478 προχεαμένη
954 390 1098 476 legimus,
1122 389 1209 458 verbi
1222 389 1347 459 formae

120 522 125 561 r
160 495 294 562 nonita
314 494 463 560 usitatas.
849 539 850 542 ¹
1053 537 1054 540 ¹

245 603 275 664 4.
311 595 477 662 Neminem
503 594 581 662 mihi
606 595 735 662 videtur
762 593 902 678 effugere
930 614 1040 679 posse,
1069 595 1156 682 quod
1178 594 1345 662 Lucienus

11 587 228 836 ‘fissae
263 699 384 783 ubique
411 697 561 764 adiectivi
590 698 675 784 quod
702 702 752 764 est
760 691 1028 786 Qformis
1063 699 1181 778 utitur,
1219 699 1348 764 etiamsi

160 802 352 886 plerumque
386 821 451 865 non
486 800 590 866 minus
626 805 713 866 recte
747 798 933 866 adverbium
960 800 1036 882 poni
1062 805 1178 884 potest.
1225 800 1345 878 Quam-

164 925 261 988 quam
284 903 369 969 5515
391 901 578 986 saepissime
598 900 678 966 nihil
690 901 842 982 interest,
858 905 971 972 utram
993 901 1131 970 formam
1145 923 1347 988 usurpemus,

164 1010 278 1071 auctor
300 1003 355 1070 ille
379 1003 636 1087 elegantissimus
659 1003 807 1070 adiectivi
828 1025 922 1070 usum
944 1005 1047 1090 magis
1060 1005 1239 1089 quaesitum
1262 1005 1347 1070 adeo

163 1107 317 1192 praefert,
338 1111 376 1172 ut
397 1105 562 1172 rarissime
585 1105 772 1172 adverbium
793 1106 891 1192 legas.
937 1106 1035 1172 Cuius
1057 1107 1105 1174 rei
1128 1107 1275 1192 exempla
1296 1111 1348 1174 tot

163 1216 297 1295 tamque
319 1205 409 1275 varia
432 1211 558 1288 extant,
586 1213 622 1272 ut
650 1229 689 1276 55
718 1213 842 1280 tantum
864 1209 1002 1292 proferri
1024 1215 1190 1294 oporteat,
1218 1209 1346 1294 quibus,

165 1325 247 1377 oum·
259 1312 292 1374 in
306 1313 396 1376 asino
418 1310 631 1389 inveniantur,
653 1309 744 1376 Lucii
759 1310 935 1377 orationem
957 1311 1146 1378 simillimam
1162 1313 1347 1402 1555155555

151 1413 434 1510 ‘demonstremnsz
463 1433 530 1495 cap.
556 1418 583 1478 1.
607 1411 823 1500 θεράπαιναν
845 1410 901 1478 καί
922 1409 1068 1500 γαμετὴν
1089 1412 1195 1496 μόνας
1217 1411 1346 1504 τρέφει.

164 1522 192 1580 6.
215 1506 253 1581 οὗ
275 1512 348 1603 γὰρ,
365 1511 454 1598 μόνα
483 1515 588 1592 ταῦτα
618 1513 733 1602 φαῦλα
766 1511 918 1597 ἐδώδιμα
944 1511 1066 1596 σκευάζ
1095 1565 1103 1580 .
1134 1511 1217 1604 -ἡ
1246 1541 1347 1582 κατα-

163 1617 316 1684 καύσασα
348 1615 433 1704 μόνη
467 1609 542 1702 έγαί.
580 1622 627 1681 14.
664 1609 750 1702 ρόδα
782 1613 846 1706 γάρ
879 1611 967 1696 μόνα
1000 1611 1030 1681 εί
1055 1615 1178 1704 φάγοις
1205 1619 1346 1698 (Bekker

163 1719 345 1785 emendavit
366 1711 483 1800 μόνον)
511 1723 561 1783 22.
590 1712 780 1800 κομίζοντες
800 1713 905 1806 μόνην
927 1717 1101 1806 παρθένον
1129 1713 1270 1808 (ἀραίαν.
1293 1730 1346 1788 35.

164 1809 262 1898 οὗτος
285 1816 388 1904 μόνος
405 1812 463 1900 οὐχ
485 1813 603 1908 εδρηκε
625 1818 749 1907 κύριον.
772 1825 822 1886 39.
845 1816 951 1906 τούτῳ
973 1813 1066 1906 μόνῳ
1089 1821 1138 1907 τῷ
1158 1815 1284 1934 έργιρ.[
1299 1824 1346 1890 Si·

165 1924 283 1990 militer
306 1924 426 1990 dictum
449 1924 553 1987 55115
577 1943 646 2006 cap.
668 1927 698 1986 8.
721 1915 782 2010 ὅλη
805 1917 907 2008 γυμνή
932 1917 1069 2038 orceo&

107 2057 150 2162 s
251 2031 280 2091 5.
316 2025 419 2090 Porro
443 2024 622 2108 elegantiae
652 2023 775 2104 studio,
804 2023 891 2108 qnod
919 2023 952 2088 in
973 2021 1115 2092 Luc1ano
1137 2025 1257 2106 inerat,
1289 2028 1346 2092 tri·

31 2149 46 2224 q
91 2164 107 2202 ,s
169 2127 333 2194 buendum
359 2147 429 2192 esse
456 2147 584 2208 censeo,
607 2127 635 2192 51
663 2145 819 2212 persaepe
846 2125 1016 2192 articulum
1045 2126 1086 2193 ab
1113 2149 1151 2194 eo
1178 2128 1263 2196 inter
1291 2129 1346 2194 ad-

46 2229 70 2313 't
164 2231 315 2297 iectivum
338 2235 371 2294 et
403 2228 639 2296 substantivum
670 2229 810 2314 positum
838 2249 909 2294 esse
936 2228 1089 2295 videmus.
1125 2231 1176 2310 (ci.
1202 2231 1345 2298 Guttent.

68 2316 118 2415 b„
164 2355 195 2418 p.
211 2331 363 2415 44-45).
399 2331 530 2396 Etenim
544 2330 653 2402 verba,
669 2350 751 2413 quae
766 2330 799 2394 in
814 2329 888 2396 dial.
903 2337 997 2395 mort.
1017 2335 1065 2411 12,
1083 2337 1101 2397 3
1117 2333 1176 2398 51.
1192 2333 1344 2418 legimus:

164 2427 294 2524 εἴρηκεν
316 2423 376 2498 οὐκ
399 2425 518 2519 ἀγεννῆ
532 2429 591 2498 τδν
613 2430 713 2518 λόγον
738 2433 868 2516 proprie
888 2453 954 2498 non
981 2433 1178 2519 significant:
1206 2436 1346 2504 honesta

165 2536 265 2603 verba
286 2533 363 2600 15511
384 2531 456 2620 (τὸν
478 2525 597 2622 ἀγεννῆ
619 2531 719 2622 λόγον
741 2528 894 2624 εἴρηκεν),
923 2537 992 2602 sed:
1022 2538 1130 2618 verba,
1153 2559 1236 2624 quae
1257 2538 1344 2616 15511,

164 2639 301 2729 honesta
323 2643 426 2704 erant.
469 2636 583 2721 Neque
611 2642 722 2702 tamen
743 2635 918 2704 Lucianum
945 2638 1028 2704 hanc
1057 2639 1193 2706 duarum
1217 2641 1344 2708 dicendi

165 2741 326 2808 rationum
346 2737 560 2812 differentiam
582 2745 731 2806 accurate
753 2739 924 2806 retinuisse
940 2737 1090 2818 arbitror,
1113 2760 1184 2805 cum
1199 2761 1344 2808 nonnun-

144 2865 262 2931 ,quam
284 2843 356 2910 5515
377 2841 545 2927 quaesitae
571 2841 728 2908 orationis
757 2839 862 2924 specio
892 2845 1054 2925 permotus
1084 2861 1155 2907 esse
1181 2841 1341 2926 videatur,

103 2932 144 2995 ν’
165 2951 203 3012 51
224 2946 410 3026 articulum,
441 2965 537 3028 quern
559 2943 614 3010 alii
635 2944 807 3029 scriptores
841 2947 900 3009 aut
926 2943 1110 3010 omisissent
1141 2950 1198 3010 aut
1224 2944 1259 3009 in
1281 2946 1346 3014 alio

165 3047 236 3115 loco
269 3047 466 3134 posuissent,
502 3046 587 3112 inter
602 3126 604 3135 ρ
619 3045 808 3112 adiectivum
849 3051 882 3110 et
914 3045 1147 3116 substantivum
1179 3047 1345 3116 insereret.

166 3150 275 3218 Etiam
304 3151 339 3216 in
368 3149 459 3216 asino
487 3170 552 3215 non
586 3149 685 3214 semel
721 3147 805 3214 hanc
831 3145 984 3230 loquendi
1011 3149 1274 3220 consuetudinem
1301 3153 1346 3218 in-

167 3253 347 3334 venimus:¹
1321 3275 1322 3280 ¹
1426 3283 1427 3326 v

252 3375 321 3440 cap.
347 3359 396 3420 13.
432 3345 642 3442 ἀμφοτέραις
655 3355 729 3430 ταῖς
747 3349 841 3440 χερσί
862 3351 1046 3441 ταφαμένη.
1070 3341 1121 3418 20.
1144 3345 1345 3445 αὐτοσχεδίῳ

122 3499 126 3507 ·
167 3457 215 3544 τῷ
229 3455 358 3546 λουτρῷ
372 3451 561 3546 ἐχρήσαντο.
585 3459 635 3521 38.
659 3446 846 3520 ἀνεκτδντδ
863 3447 981 3522 δεινόν.
1004 3460 1053 3519 42.
1077 3457 1215 3524 παίουσι
1230 3449 1352 3548 ἀθρόα
1426 3461 1427 3542 ζ

168 3562 210 3648 τῇ
229 3555 326 3648 χειρί.
352 3565 402 3624 51.
437 3555 578 3634 πολλοῖς
605 3558 676 3634 τοῖς
694 3552 868 3644 φιλήμασι.
892 3593 934 3604 --
955 3556 1122 3624 Interdum¹
1141 3559 1237 3624 etiarn
1260 3561 1345 3626 51115-
1426 3561 1427 3602 i

169 3661 245 3726 ctivi
258 3661 330 3744 loco
345 3658 550 3745 participium
571 3661 621 3723 551
641 3659 794 3742 positum:
817 3680 887 3744 cap.
906 3665 953 3724 11.
987 3657 1095 3739 δεῖξον
1119 3660 1345 3746 μαγγανεύον-

170 3785 232 3828 σαν
252 3759 313 3847 τήν
335 3759 527 3841 δέσποιναν,
549 3798 592 3810 —
612 3760 935 3850 μεταμορφουμένην
955 3759 1014 3849 την
1035 3760 1241 3850 κεκτημένην,
1265 3765 1305 3828 al.

255 3870 283 3930 6.
320 3865 403 3928 Τ55
424 3869 475 3928 551
495 3861 659 3950 proprium
672 3861 815 3940 Luciam,
837 3865 1025 3948 pronomina
1041 3851 1139 3942 οὗτος
1161 3868 1195 3928 51
1209 3857 1343 3948 ἐκεῖνος,

53 4037 58 4045 ,
168 3961 250 4048 quae
273 3971 347 4032 ante
370 3960 541 4034 articulum
563 3965 639 4050 poni
661 3965 780 4046 solent,
810 3965 961 4032 5511555
984 3971 1109 4032 mutato
1139 3965 1169 4030 ei
1191 3968 1343 4040 vocabulo

83 4059 91 4066 ’
168 4066 358 4151 adiungere,
391 4067 433 4132 ad
455 4067 540 4153 quod
561 4069 674 4136 referri
703 4067 836 4143 debent,
867 4073 940 4150 551,
963 4074 1000 4134 51
1022 4067 1131 4133 dicunt
1153 4067 1345 4149 ,δεικτικῶς

167 4167 287 4232 555151
308 4168 446 4249 addere,
470 4171 656 4238 555155115
678 4171 784 4237 omitti
804 4171 937 4255 possint.
982 4169 1073 4249 Quod
1096 4173 1133 4234 ut
1155 4169 1344 4256 intelligere·

166 4273 229 4350 tur,
253 4289 294 4334 ex
314 4291 431 4357 magno
453 4275 673 4362 exemplorum
688 4295 818 4342 numero
834 4273 915 4340 haec
934 4293 1040 4360 pauca
1062 4269 1171 4339 attuli:
1195 4271 1300 4342 Somn.
1320 4283 1344 4344 1.

1365 4481 1382 4518 x
1426 4451 1427 4530 1

1426 4543 1427 4570 1
