2878 4698
571 139 778 198 ...51-

78 343 123 356 -
153 307 258 371 facete
285 302 471 384 aviditatem
501 308 533 367 et
562 303 732 404 impetum,
762 311 827 387 quo'
853 303 995 384 latrones
1024 303 1064 368 ad
1095 324 1207 370 cenam
1228 326 1272 369 se

78 408 325 492 proripuissent,
349 405 441 488 quasi
464 405 646 488 depinxisse
669 406 825 472 existimo.

169 509 251 586 Quin
285 507 381 572 etiam
416 505 576 572 nonnullis
604 507 735 573 vocibus
763 507 1029 592 significationem
1058 528 1079 574 a
1108 505 1263 574 sermonis

77 609 314 676 consuetudine
344 609 578 692 discrepantem
610 610 787 674 subiectam
816 631 887 676 csse
910 609 1063 686 videmus,
1087 607 1172 692 quod
1195 607 1264 691 qui-

77 715 154 778 dem
178 719 341 776 auctorem
362 712 450 776 nullo
474 711 537 776 alio
560 713 693 776 consilio
717 712 848 776 ductum
862 711 977 777 fecisse
992 711 1177 794 putaverim,
1202 709 1264 774 nisi

76 820 117 879 ut
141 815 239 878 rebus
261 813 404 878 ridendis
426 813 564 878 lectores
586 814 771 897 gauderent.
822 813 903 878 Nam
930 835 999 896 cap.
1016 814 1081 880 37.
1104 811 1264 878 Lucienus

74 917 215 982 Lucium
231 914 447 1002 θεοφόρητον
463 937 498 980 se
521 916 737 998 appellantem
760 915 847 992 facit,
873 917 1017 992 (numine
1038 919 1167 993 actum),
1191 935 1263 980 cum

5 1093 7 1104 ρ
75 1019 189 1083 dicere
218 1017 351 1080 deberet
379 1015 556 1105 θεοφόρον
584 1018 653 1102 (qui
675 1019 769 1082 deam
789 1019 901 1100 gerit).
945 1018 1016 1091 Qua
1037 1017 1071 1082 in
1092 1037 1129 1084 re
1152 1037 1263 1084 eorum

78 1120 264 1186 sententiae
286 1118 441 1182 adsentiri
452 1139 596 1202 nequae,
620 1121 676 1204 qui
699 1117 913 1207 θεοφόρητον
935 1119 1002 1184 siue
1024 1119 1092 1184 ulla
1111 1117 1265 1201 ambigui·

76 1228 147 1286 tate
172 1222 312 1306 positum
332 1241 402 1284 esse
425 1227 547 1302 putent,
575 1222 631 1288 sed
651 1221 866 1299 cinaedorum,
890 1221 944 1303 qui
966 1221 1095 1284 nurnine
1117 1241 1152 1286 se
1175 1225 1264 1288 actos

79 1327 164 1388 esse
178 1322 378 1399 simularent,
408 1323 533 1398 asinum
558 1332 591 1388 et
611 1325 712 1406 ipsum
737 1324 843 1388 divino
864 1323 1001 1412 quodam
1026 1323 1139 1404 spiritu
1161 1321 1262 1388 fuisse

74 1424 226 1490 inflatum
254 1431 367 1490 auctor
396 1423 593 1506 significasse
613 1425 708 1489 teiln
722 1424 863 1500 videtur,
885 1423 1111 1491 vocabulorum
1131 1425 1262 1490 illorum

78 1528 228 1592 similiter
255 1528 437 1592 sonantium
468 1527 498 1589 vi
523 1533 729 1591 ¹eominutata.
783 1525 931 1590 Ceterum
960 1525 1157 1609 suffragatur
1185 1527 1262 1594 mihi

78 1633 247 1712 Lehmann·
274 1631 306 1694 in
330 1631 404 1693 edit.
429 1629 489 1692 Vol
519 1627 572 1704 Vl,
595 1651 625 1711 p.
650 1635 722 1697 541.
778 1627 839 1694 Sed
864 1627 947 1709 qnod
970 1628 1105 1711 legimus
1126 1649 1196 1711 cap.
1221 1634 1261 1692 35

78 1725 232 1822 εὔφημος
252 1731 371 1818 κῆρυξ,
403 1731 436 1794 id
464 1713 574 1795 utrum
603 1731 824 1796 emendatione
848 1719 1176 1817 (eiipwrog'Belker)
1200 1731 1261 1801 tol-

77 1836 208 1899 lendum
236 1855 277 1897 an
305 1834 409 1898 facete
437 1833 559 1898 dictum
581 1834 757 1916 putandum
781 1833 824 1896 sit
846 1831 918 1917 (der
942 1831 1175 1898 woblberuFene
1197 1833 1261 1901 He·

78 1937 168 2016 rold)
201 1936 377 2000 diiudicare
404 1935 456 2000 vix
477 1936 596 2012 ausim;
624 1935 707 1998 banc
730 1942 839 2000 autem
861 1934 997 2000 alteram
1019 1936 1209 2000 sententiam
1234 1937 1261 2000 si

79 2031 238 2104 subiicere
272 2038 425 2110 velimus,
448 2038 641 2102 vccabulum
673 2059 736 2102 non
759 2037 862 2104 minus
885 2036 1003 2120 frigere
1025 2037 1102 2102 mibi
1125 2037 1260 2117 videtur,

78 2163 178 2224 quam
200 2140 378 2203 Wielandio
401 2139 498 2204 illud:
524 2139 583 2204 τὸν
604 2133 754 2204 θάνατον
776 2129 976 2226 ὀρχούμενος
999 2145 1080 2222 (cap.
1111 2143 1173 2219 19.)

165 2241 227 2304 Sed
249 2243 314 2306 iam
336 2241 534 2308 redeundum
557 2242 650 2306 nobis
674 2239 789 2307 estad
812 2259 859 2318 ea,
880 2240 920 2306 de
943 2240 1056 2322 quibus
1079 2241 1142 2306 iam
1163 2261 1261 2324 supra

1348 863 1373 939 l!

1309 970 1384 1046 lli,

76 2365 183 2428 pauca
211 2343 360 2408 diximus.
406 2343 610 2410 Ostendimus
635 2342 720 2408 enim
750 2348 788 2424 (p.
820 2344 895 2424 37),
938 2342 1115 2410 Lucienum
1135 2343 1260 2410 dicendi
1342 2372 1345 2378 ·

78 2465 198 2528 genere
218 2445 346 2510 sublimi
367 2453 399 2508 et
421 2444 589 2528 magnifico
612 2444 740 2526 saepius
761 2464 856 2508 usum
879 2463 949 2511 esse
971 2446 1005 2512 iu
1025 2445 1122 2510 rebus
1137 2446 1259 2512 levissi-

79 2549 140 2612 mis
169 2549 373 2626 enarrandis,
402 2553 439 2612 ut
466 2547 624 2613 ludicram
654 2546 744 2612 illam
767 2545 944 2612 orationem
966 2547 1118 2628 exigeret.
1162 2547 1259 2612 Nulla

81 2656 191 2728 autem
218 2671 254 2714 re
284 2650 408 2716 facilius
441 2649 649 2716 sublimitatis
677 2648 814 2730 speciem
837 2647 987 2730 consequi
1013 2649 1133 2730 potuit,
1161 2670 1258 2732 quam

79 2751 295 2818 locutionibus
323 2755 357 2816 in
386 2775 462 2820 suos
483 2751 607 2818 libellos
630 2750 808 2824 translatio,
833 2771 916 2832 quae
938 2750 999 2817 uisi
1021 2750 1055 2816 in
1077 2752 1259 2836 antiquissi-

78 2866 203 2920 morum
232 2861 401 2938 poctarum
428 2853 622 2918 carminibus
650 2872 715 2916 non
742 2851 952 2917 inveniantur.
1003 2851 1086 2918 Nam
1116 2877 1185 2925 mos
1209 2863 1258 2920 est

79 2957 220 3022 omnium
250 2957 317 3022 fere
346 2957 554 3033 comicorum,
579 2961 616 3020 ut
643 2953 777 3020 exoletis
811 2954 915 3018 verbis
941 2955 973 3018 in
1005 2954 1129 3020 fabulae
1149 2957 1258 3022 inlatis

78 3061 176 3124 risum
205 3063 365 3124 moveant.
416 3059 531 3142 Itaque
561 3059 657 3124 etiam
681 3057 712 3120 in
735 3055 860 3132 libello,
882 3056 922 3120 de
945 3077 1008 3138 quo
1032 3059 1165 3140 egimus,
1188 3079 1257 3142 per-

65 3161 178 3254 multa
200 3163 385 3241 invenimus,
410 3182 493 3245 quae
518 3182 557 3222 ex
573 3159 715 3233 Homeri,
737 3165 852 3242 poetae
874 3158 960 3222 illius
983 3157 1089 3222 divino
1112 3149 1258 3227 ferebu-

79 3283 154 3328 uore
170 3265 284 3341 ornati,
308 3263 467 3346 poematia
482 3263 628 3328 videntur
650 3263 752 3344 petita
776 3281 855 3326 esse.
900 3259 1057 3326 Nimirum
1080 3262 1178 3328 verba
1204 3285 1257 3328 an·
1305 3295 1312 3312 ·

77 3365 246 3448 tiquissimi
263 3372 380 3449 poetae
401 3365 591 3454 gravissima
605 3365 737 3430 ioculari
755 3363 890 3428 fabellae
912 3368 1100 3444 argumento
1118 3364 1257 3430 ridicule

77 3475 264 3550 repugnant.
310 3467 408 3532 Cuius
429 3468 475 3532 rci
497 3471 548 3530 tot
569 3471 701 3549 temque
724 3467 813 3530 varia
827 3467 859 3530 iu
875 3465 967 3528 asino
983 3463 1130 3546 exempla
1145 3471 1258 3534 extant

76 3575 112 3635 ut
135 3591 175 3634 ea
197 3589 275 3632 casu
305 3570 479 3652 inrepsisse
502 3570 613 3653 putari
634 3574 806 3651 nequeant,
830 3567 886 3634 sed
909 3589 929 3632 a
952 3567 1093 3632 Lucieno
1116 3567 1257 3650 plerum·

78 3692 138 3754 que
162 3671 325 3738 voluntate
348 3679 381 3736 et
402 3673 519 3740 iudicio
543 3672 667 3738 inserta
688 3672 752 3736 sint
772 3669 951 3738 iudicanda.
995 3670 1133 3736 Maxime
1149 3675 1258 3738 eutem

77 3779 190 3837 contra
223 3795 334 3840 eorum
358 3774 540 3858 opinionem
571 3779 621 3838 est
642 3773 855 3857 pugnandum,
886 3775 1001 3855 quiex
1025 3773 1258 3840 bisvccabulis

76 3883 243 3958 poetarum
273 3899 364 3944 more
386 3877 479 3944 dictis
501 3877 586 3944 hunc
607 3876 750 3941 libellum
773 3897 792 3940 a
817 3875 960 3940 Lucieno
984 3896 1054 3940 esse
1075 3875 1258 3942 abiudicari·

77 3979 148 4042 dum
173 3979 373 4046 concludant.
426 3981 471 4044 Ac
494 3999 533 4042 ne
557 3979 627 4061 quis
649 3980 682 4044 in
704 3979 789 4044 bunc
812 3998 954 4044 errorem
976 3978 1106 4058 incidat,
1140 3999 1257 4060 operae

77 4081 213 4148 fortasse
236 4083 375 4164 pretium
398 4090 457 4162 est,
488 4101 580 4146 voces
602 4081 674 4146 illas
696 4101 884 4148 enumerare
909 4087 941 4144 et
962 4081 1046 4146 uude
1068 4081 1258 4164 desumptae

78 4185 139 4248 sint
161 4183 360 4250 adscribere:

162 4278 330 4373 ἀργαλέος
357 4293 472 4369 quater
500 4287 532 4350 in
559 4285 654 4352 asino
677 4285 840 4352 invenitur
862 4306 932 4368 cap.
959 4293 985 4350 1.
1010 4278 1159 4372 ἀργαλέα
1179 4281 1261 4364 ὁδός

1017 4389 1051 4436 4*
