<?xml version="1.0" encoding="UTF-8"?>
<!DOCTYPE html PUBLIC "-//W3C//DTD XHTML 1.0 Transitional//EN"
    "http://www.w3.org/TR/xhtml1/DTD/xhtml1-transitional.dtd">
<html xmlns="http://www.w3.org/1999/xhtml" xml:lang="en" lang="en">
 <head>
  <title>
</title>
<meta http-equiv="Content-Type" content="text/html;charset=utf-8" />
  <meta name='ocr-system' content='tesseract 3.04.00' />
  <meta name='ocr-capabilities' content='ocr_page ocr_carea ocr_par ocr_line ocrx_word'/>
</head>
<body>
  <div class='ocr_page' id='page_1' title='image "./delucianolibell00knaugoog_0031.png"; bbox 0 0 2878 4698; ppageno 0'>
   <div class='ocr_carea' id='block_1_1' title="bbox 677 87 892 191">
    <p class='ocr_par' dir='ltr' id='par_1_1' title="bbox 677 87 892 191">
     <span class='ocr_line' id='line_1_1' title="bbox 677 87 892 191; baseline -0.037 1"><span class='ocrx_word' id='word_1_1' title='bbox 677 153 722 174; x_wconf 51' lang='grc' dir='ltr'><strong>ψ</strong></span> <span class='ocrx_word' id='word_1_2' title='bbox 758 125 808 191; x_wconf 77' lang='lat' dir='ltr'><strong>as</strong></span> <span class='ocrx_word' id='word_1_3' title='bbox 842 87 892 168; x_wconf 76' lang='grc'><strong>’-</strong></span> 
     </span>
    </p>
   </div>
   <div class='ocr_carea' id='block_1_2' title="bbox 189 288 1376 2432">
    <p class='ocr_par' dir='ltr' id='par_1_2' title="bbox 190 288 1376 886">
     <span class='ocr_line' id='line_1_2' title="bbox 193 288 1375 376; baseline -0.002 -18"><span class='ocrx_word' id='word_1_4' title='bbox 193 293 362 358; x_wconf 78' lang='lat' dir='ltr'><strong>anctorum</strong></span> <span class='ocrx_word' id='word_1_5' title='bbox 385 291 517 374; x_wconf 77' lang='lat' dir='ltr'><strong>scripta,</strong></span> <span class='ocrx_word' id='word_1_6' title='bbox 551 311 636 373; x_wconf 85' lang='lat' dir='ltr'><strong>quae</strong></span> <span class='ocrx_word' id='word_1_7' title='bbox 657 291 767 361; x_wconf 75' lang='lat' dir='ltr'><strong>Niclas</strong></span> <span class='ocrx_word' id='word_1_8' title='bbox 788 291 830 360; x_wconf 91' lang='lat' dir='ltr'><strong>de</strong></span> <span class='ocrx_word' id='word_1_9' title='bbox 851 290 932 376; x_wconf 82' lang='lat' dir='ltr'><strong>Wyl,</strong></span> <span class='ocrx_word' id='word_1_10' title='bbox 954 295 1140 363; x_wconf 81' lang='lat' dir='ltr'><strong>nostrornm</strong></span> <span class='ocrx_word' id='word_1_11' title='bbox 1159 288 1375 371; x_wconf 69' lang='lat' dir='ltr'><strong>interpretum</strong></span> 
     </span>
     <span class='ocr_line' id='line_1_3' title="bbox 194 385 1374 478; baseline -0.002 -18"><span class='ocrx_word' id='word_1_12' title='bbox 194 397 302 462; x_wconf 85' lang='lat' dir='ltr'><strong>aetate</strong></span> <span class='ocrx_word' id='word_1_13' title='bbox 324 393 393 460; x_wconf 86' lang='lat' dir='ltr'><strong>iere</strong></span> <span class='ocrx_word' id='word_1_14' title='bbox 414 395 546 478; x_wconf 80' lang='lat' dir='ltr'><strong>primus.</strong></span> <span class='ocrx_word' id='word_1_15' title='bbox 568 395 601 460; x_wconf 89' lang='lat' dir='ltr'><strong>in</strong></span> <span class='ocrx_word' id='word_1_16' title='bbox 624 385 856 464; x_wconf 86' lang='lat' dir='ltr'><strong>Germanorum</strong></span> <span class='ocrx_word' id='word_1_17' title='bbox 876 394 1021 478; x_wconf 88' lang='lat' dir='ltr'><strong>linguam</strong></span> <span class='ocrx_word' id='word_1_18' title='bbox 1043 390 1230 461; x_wconf 72' lang='lat' dir='ltr'><strong>transtulit?</strong></span> <span class='ocrx_word' id='word_1_19' title='bbox 1268 390 1318 454; x_wconf 82' lang='lat' dir='ltr'><strong>An</strong></span> <span class='ocrx_word' id='word_1_20' title='bbox 1335 411 1374 458; x_wconf 87' lang='lat' dir='ltr'><strong>ea</strong></span> 
     </span>
     <span class='ocr_line' id='line_1_4' title="bbox 190 493 1375 581; baseline -0.003 -19"><span class='ocrx_word' id='word_1_21' title='bbox 190 495 304 565; x_wconf 62' lang='lat' dir='ltr'><strong>muln</strong></span> <span class='ocrx_word' id='word_1_22' title='bbox 331 515 447 579; x_wconf 89' lang='lat' dir='ltr'><strong>parum</strong></span> <span class='ocrx_word' id='word_1_23' title='bbox 479 495 621 568; x_wconf 74' lang='lat' dir='ltr'><strong>iucarnda</strong></span> <span class='ocrx_word' id='word_1_24' title='bbox 651 497 709 566; x_wconf 88' lang='lat' dir='ltr'><strong>tibi</strong></span> <span class='ocrx_word' id='word_1_25' title='bbox 742 496 883 576; x_wconf 86' lang='lat' dir='ltr'><strong>videtur,</strong></span> <span class='ocrx_word' id='word_1_26' title='bbox 906 518 1016 581; x_wconf 65' lang='lat' dir='ltr'><strong>uuam</strong></span> <span class='ocrx_word' id='word_1_27' title='bbox 1051 496 1151 570; x_wconf 83' lang='lat' dir='ltr'><strong>trium</strong></span> <span class='ocrx_word' id='word_1_28' title='bbox 1178 493 1375 576; x_wconf 84' lang='lat' dir='ltr'><strong>populorum</strong></span> 
     </span>
     <span class='ocr_line' id='line_1_5' title="bbox 192 595 1374 683; baseline -0.003 -17"><span class='ocrx_word' id='word_1_29' title='bbox 192 602 341 668; x_wconf 83' lang='lat' dir='ltr'><strong>auctores</strong></span> <span class='ocrx_word' id='word_1_30' title='bbox 367 598 459 678; x_wconf 85' lang='lat' dir='ltr'><strong>nobis</strong></span> <span class='ocrx_word' id='word_1_31' title='bbox 483 599 706 668; x_wconf 77' lang='lat' dir='ltr'><strong>tradiderint?</strong></span> <span class='ocrx_word' id='word_1_32' title='bbox 742 599 822 669; x_wconf 88' lang='lat' dir='ltr'>Mihi</span> <span class='ocrx_word' id='word_1_33' title='bbox 853 599 980 683; x_wconf 84' lang='lat' dir='ltr'><strong>quidem</strong></span> <span class='ocrx_word' id='word_1_34' title='bbox 1015 599 1182 674; x_wconf 80' lang='lat' dir='ltr'><strong>serissima</strong></span> <span class='ocrx_word' id='word_1_35' title='bbox 1215 595 1374 670; x_wconf 84' lang='lat' dir='ltr'><strong>videntur,</strong></span> 
     </span>
     <span class='ocr_line' id='line_1_6' title="bbox 191 698 1376 786; baseline 0 -20"><span class='ocrx_word' id='word_1_36' title='bbox 191 717 274 782; x_wconf 87' lang='lat' dir='ltr'><strong>quae</strong></span> <span class='ocrx_word' id='word_1_37' title='bbox 303 700 345 770; x_wconf 89' lang='lat' dir='ltr'><strong>de</strong></span> <span class='ocrx_word' id='word_1_38' title='bbox 381 702 563 786; x_wconf 84' lang='lat' dir='ltr'><strong>argumenti</strong></span> <span class='ocrx_word' id='word_1_39' title='bbox 585 701 794 786; x_wconf 85' lang='lat' dir='ltr'><strong>-praestantia</strong></span> <span class='ocrx_word' id='word_1_40' title='bbox 826 707 863 768; x_wconf 82' lang='lat' dir='ltr'><strong>et</strong></span> <span class='ocrx_word' id='word_1_41' title='bbox 892 703 1011 770; x_wconf 84' lang='lat' dir='ltr'><strong>virtute</strong></span> <span class='ocrx_word' id='word_1_42' title='bbox 1041 701 1123 770; x_wconf 80' lang='lat' dir='ltr'><strong>dixit</strong></span> <span class='ocrx_word' id='word_1_43' title='bbox 1147 698 1376 769; x_wconf 88' lang='lat' dir='ltr'><strong>Bourdelotius</strong></span> 
     </span>
     <span class='ocr_line' id='line_1_7' title="bbox 190 801 668 886; baseline -0.013 -14"><span class='ocrx_word' id='word_1_44' title='bbox 190 801 241 872; x_wconf 79' lang='lat' dir='ltr'><strong>ua</strong></span> <span class='ocrx_word' id='word_1_45' title='bbox 263 803 430 886; x_wconf 54' lang='lat' dir='ltr'><strong>verbim),</strong></span> <span class='ocrx_word' id='word_1_46' title='bbox 586 871 590 878; x_wconf 69' lang='grc'>,</span> <span class='ocrx_word' id='word_1_47' title='bbox 647 845 668 886; x_wconf 54' lang='lat' dir='ltr'><strong>g</strong></span> 
     </span>
    </p>

    <p class='ocr_par' dir='ltr' id='par_1_3' title="bbox 189 905 1376 2432">
     <span class='ocr_line' id='line_1_8' title="bbox 254 905 1376 992; baseline -0.004 -20"><span class='ocrx_word' id='word_1_48' title='bbox 254 905 473 990; x_wconf 89' lang='lat' dir='ltr'><strong>.‚‚Praecipne</strong></span> <span class='ocrx_word' id='word_1_49' title='bbox 495 911 603 974; x_wconf 86' lang='lat' dir='ltr'><strong>antem</strong></span> <span class='ocrx_word' id='word_1_50' title='bbox 630 907 841 977; x_wconf 74' lang='lat' dir='ltr'><strong>admiratione</strong></span> <span class='ocrx_word' id='word_1_51' title='bbox 870 907 968 992; x_wconf 85' lang='lat' dir='ltr'><strong>digna</strong></span> <span class='ocrx_word' id='word_1_52' title='bbox 993 912 1042 975; x_wconf 86' lang='lat' dir='ltr'><strong>est</strong></span> <span class='ocrx_word' id='word_1_53' title='bbox 1070 907 1155 973; x_wconf 88' lang='lat' dir='ltr'><strong>mira</strong></span> <span class='ocrx_word' id='word_1_54' title='bbox 1183 925 1320 973; x_wconf 88' lang='lat' dir='ltr'><strong>casuum</strong></span> <span class='ocrx_word' id='word_1_55' title='bbox 1343 910 1376 968; x_wconf 92' lang='lat' dir='ltr'><strong>et</strong></span> 
     </span>
     <span class='ocr_line' id='line_1_9' title="bbox 190 1009 1375 1095; baseline -0.005 -17"><span class='ocrx_word' id='word_1_56' title='bbox 190 1009 406 1093; x_wconf 82' lang='lat' dir='ltr'><strong>periculorum</strong></span> <span class='ocrx_word' id='word_1_57' title='bbox 428 1011 585 1090; x_wconf 73' lang='lat' dir='ltr'><strong>varians,</strong></span> <span class='ocrx_word' id='word_1_58' title='bbox 618 1011 886 1095; x_wconf 84' lang='lat' dir='ltr'><strong>quibus-sursum</strong></span> <span class='ocrx_word' id='word_1_59' title='bbox 907 1015 1006 1094; x_wconf 89' lang='lat' dir='ltr'><strong>atque</strong></span> <span class='ocrx_word' id='word_1_60' title='bbox 1035 1009 1186 1077; x_wconf 87' lang='lat' dir='ltr'><strong>deorsum</strong></span> <span class='ocrx_word' id='word_1_61' title='bbox 1215 1009 1375 1074; x_wconf 81' lang='lat' dir='ltr'><strong>iactatum</strong></span> 
     </span>
     <span class='ocr_line' id='line_1_10' title="bbox 189 1110 1374 1200; baseline -0.003 -20"><span class='ocrx_word' id='word_1_62' title='bbox 189 1133 262 1182; x_wconf 85' lang='lat' dir='ltr'><strong>sese</strong></span> <span class='ocrx_word' id='word_1_63' title='bbox 283 1112 415 1181; x_wconf 84' lang='lat' dir='ltr'><strong>interim</strong></span> <span class='ocrx_word' id='word_1_64' title='bbox 436 1113 536 1182; x_wconf 83' lang='lat' dir='ltr'><strong>etiam</strong></span> <span class='ocrx_word' id='word_1_65' title='bbox 557 1113 638 1182; x_wconf 90' lang='lat' dir='ltr'><strong>bene</strong></span> <span class='ocrx_word' id='word_1_66' title='bbox 660 1119 829 1200; x_wconf 85' lang='lat' dir='ltr'><strong>acceptum</strong></span> <span class='ocrx_word' id='word_1_67' title='bbox 842 1114 961 1198; x_wconf 81' lang='lat' dir='ltr'><strong>fingit.“</strong></span> <span class='ocrx_word' id='word_1_68' title='bbox 984 1150 1028 1163; x_wconf 84' lang='lat'><strong>-·</strong></span> <span class='ocrx_word' id='word_1_69' title='bbox 1047 1111 1163 1196; x_wconf 84' lang='lat' dir='ltr'><strong>Neque</strong></span> <span class='ocrx_word' id='word_1_70' title='bbox 1182 1111 1215 1176; x_wconf 91' lang='lat' dir='ltr'><strong>in</strong></span> <span class='ocrx_word' id='word_1_71' title='bbox 1237 1110 1374 1194; x_wconf 71' lang='lat' dir='ltr'><strong>sagmis</strong></span> 
     </span>
     <span class='ocr_line' id='line_1_11' title="bbox 192 1212 1373 1300; baseline -0.005 -16"><span class='ocrx_word' id='word_1_72' title='bbox 192 1215 291 1284; x_wconf 85' lang='lat' dir='ltr'><strong>rebus</strong></span> <span class='ocrx_word' id='word_1_73' title='bbox 313 1215 522 1300; x_wconf 70' lang='lat' dir='ltr'><strong>depingendis</strong></span> <span class='ocrx_word' id='word_1_74' title='bbox 536 1223 579 1284; x_wconf 83' lang='lat' dir='ltr'><strong>et</strong></span> <span class='ocrx_word' id='word_1_75' title='bbox 600 1217 728 1287; x_wconf 87' lang='lat' dir='ltr'><strong>casibus</strong></span> <span class='ocrx_word' id='word_1_76' title='bbox 755 1216 974 1292; x_wconf 85' lang='lat' dir='ltr'><strong>describendis</strong></span> <span class='ocrx_word' id='word_1_77' title='bbox 1001 1215 1201 1299; x_wconf 79' lang='lat' dir='ltr'><strong>requiremus</strong></span> <span class='ocrx_word' id='word_1_78' title='bbox 1227 1212 1373 1296; x_wconf 74' lang='lat' dir='ltr'><strong>leporem</strong></span> 
     </span>
     <span class='ocr_line' id='line_1_12' title="bbox 191 1316 1375 1405; baseline -0.005 -19"><span class='ocrx_word' id='word_1_79' title='bbox 191 1316 224 1386; x_wconf 87' lang='lat' dir='ltr'><strong>et</strong></span> <span class='ocrx_word' id='word_1_80' title='bbox 245 1316 397 1398; x_wconf 66' lang='lat' dir='ltr'><strong>facetae,</strong></span> <span class='ocrx_word' id='word_1_81' title='bbox 425 1340 508 1404; x_wconf 90' lang='lat' dir='ltr'><strong>quae</strong></span> <span class='ocrx_word' id='word_1_82' title='bbox 530 1326 608 1388; x_wconf 86' lang='lat' dir='ltr'><strong>sunt</strong></span> <span class='ocrx_word' id='word_1_83' title='bbox 629 1321 932 1405; x_wconf 79' lang='lat' dir='ltr'><strong>propriaLuciani,</strong></span> <span class='ocrx_word' id='word_1_84' title='bbox 957 1340 1028 1386; x_wconf 88' lang='lat' dir='ltr'><strong>cum</strong></span> <span class='ocrx_word' id='word_1_85' title='bbox 1052 1316 1237 1400; x_wconf 79' lang='lat' dir='ltr'><strong>saepissime</strong></span> <span class='ocrx_word' id='word_1_86' title='bbox 1259 1320 1375 1387; x_wconf 86' lang='lat' dir='ltr'><strong>auctor</strong></span> 
     </span>
     <span class='ocr_line' id='line_1_13' title="bbox 192 1418 1374 1507; baseline 0 -21"><span class='ocrx_word' id='word_1_87' title='bbox 192 1422 313 1506; x_wconf 75' lang='lat' dir='ltr'><strong>paucis,</strong></span> <span class='ocrx_word' id='word_1_88' title='bbox 335 1427 373 1490; x_wconf 91' lang='lat' dir='ltr'><strong>ut</strong></span> <span class='ocrx_word' id='word_1_89' title='bbox 395 1423 441 1490; x_wconf 87' lang='lat' dir='ltr'><strong>ita</strong></span> <span class='ocrx_word' id='word_1_90' title='bbox 464 1423 577 1504; x_wconf 87' lang='lat' dir='ltr'><strong>dicam,</strong></span> <span class='ocrx_word' id='word_1_91' title='bbox 601 1423 802 1492; x_wconf 76' lang='lat' dir='ltr'><strong>lineamentis</strong></span> <span class='ocrx_word' id='word_1_92' title='bbox 823 1424 995 1507; x_wconf 75' lang='lat' dir='ltr'><strong>imaginem</strong></span> <span class='ocrx_word' id='word_1_93' title='bbox 1017 1425 1085 1491; x_wconf 86' lang='lat' dir='ltr'><strong>tam</strong></span> <span class='ocrx_word' id='word_1_94' title='bbox 1107 1418 1248 1503; x_wconf 81' lang='lat' dir='ltr'><strong>lepidam</strong></span> <span class='ocrx_word' id='word_1_95' title='bbox 1262 1419 1374 1487; x_wconf 86' lang='lat' dir='ltr'><strong>adum-</strong></span> 
     </span>
     <span class='ocr_line' id='line_1_14' title="bbox 192 1523 1374 1607; baseline -0.003 -15"><span class='ocrx_word' id='word_1_96' title='bbox 192 1525 348 1607; x_wconf 71' lang='lat' dir='ltr'><strong>marsus,</strong></span> <span class='ocrx_word' id='word_1_97' title='bbox 375 1531 412 1592; x_wconf 88' lang='lat' dir='ltr'><strong>ut</strong></span> <span class='ocrx_word' id='word_1_98' title='bbox 433 1527 621 1596; x_wconf 76' lang='lat' dir='ltr'><strong>suavissime</strong></span> <span class='ocrx_word' id='word_1_99' title='bbox 644 1527 746 1597; x_wconf 87' lang='lat' dir='ltr'><strong>risum</strong></span> <span class='ocrx_word' id='word_1_100' title='bbox 772 1531 908 1593; x_wconf 83' lang='lat' dir='ltr'><strong>moveat.</strong></span> <span class='ocrx_word' id='word_1_101' title='bbox 953 1524 1052 1593; x_wconf 83' lang='lat' dir='ltr'><strong>Onius</strong></span> <span class='ocrx_word' id='word_1_102' title='bbox 1075 1523 1138 1600; x_wconf 84' lang='lat' dir='ltr'><strong>rei,</strong></span> <span class='ocrx_word' id='word_1_103' title='bbox 1164 1526 1202 1590; x_wconf 90' lang='lat' dir='ltr'><strong>ut</strong></span> <span class='ocrx_word' id='word_1_104' title='bbox 1225 1523 1374 1590; x_wconf 80' lang='lat' dir='ltr'><strong>onrittam</strong></span> 
     </span>
     <span class='ocr_line' id='line_1_15' title="bbox 190 1627 1373 1718; baseline -0.003 -24"><span class='ocrx_word' id='word_1_105' title='bbox 190 1629 294 1712; x_wconf 80' lang='lat' dir='ltr'><strong>plura,</strong></span> <span class='ocrx_word' id='word_1_106' title='bbox 316 1647 421 1713; x_wconf 87' lang='lat' dir='ltr'><strong>pauca</strong></span> <span class='ocrx_word' id='word_1_107' title='bbox 442 1629 592 1718; x_wconf 82' lang='lat' dir='ltr'><strong>exempla</strong></span> <span class='ocrx_word' id='word_1_108' title='bbox 621 1629 778 1698; x_wconf 74' lang='lat' dir='ltr'><strong>adferam</strong></span> <span class='ocrx_word' id='word_1_109' title='bbox 817 1630 896 1707; x_wconf 81' lang='lat' dir='ltr'><strong>Quis</strong></span> <span class='ocrx_word' id='word_1_110' title='bbox 919 1628 1003 1697; x_wconf 88' lang='lat' dir='ltr'><strong>enim</strong></span> <span class='ocrx_word' id='word_1_111' title='bbox 1022 1631 1096 1704; x_wconf 85' lang='lat' dir='ltr'><strong>est,</strong></span> <span class='ocrx_word' id='word_1_112' title='bbox 1124 1627 1181 1708; x_wconf 78' lang='lat' dir='ltr'><strong>qrri</strong></span> <span class='ocrx_word' id='word_1_113' title='bbox 1209 1645 1272 1692; x_wconf 89' lang='lat' dir='ltr'><strong>non</strong></span> <span class='ocrx_word' id='word_1_114' title='bbox 1294 1643 1373 1708; x_wconf 87' lang='lat' dir='ltr'><strong>gau-</strong></span> 
     </span>
     <span class='ocr_line' id='line_1_16' title="bbox 190 1726 1372 1816; baseline -0.005 -18"><span class='ocrx_word' id='word_1_115' title='bbox 190 1730 269 1798; x_wconf 85' lang='lat' dir='ltr'><strong>deat</strong></span> <span class='ocrx_word' id='word_1_116' title='bbox 292 1733 337 1798; x_wconf 91' lang='lat' dir='ltr'><strong>eis</strong></span> <span class='ocrx_word' id='word_1_117' title='bbox 360 1731 474 1809; x_wconf 83' lang='lat' dir='ltr'><strong>verbis,</strong></span> <span class='ocrx_word' id='word_1_118' title='bbox 498 1733 613 1816; x_wconf 88' lang='lat' dir='ltr'><strong>quibus</strong></span> <span class='ocrx_word' id='word_1_119' title='bbox 635 1734 739 1801; x_wconf 86' lang='lat' dir='ltr'><strong>utitur</strong></span> <span class='ocrx_word' id='word_1_120' title='bbox 763 1733 924 1798; x_wconf 84' lang='lat' dir='ltr'><strong>Luciarms</strong></span> <span class='ocrx_word' id='word_1_121' title='bbox 944 1730 1001 1798; x_wconf 92' lang='lat' dir='ltr'><strong>ubi</strong></span> <span class='ocrx_word' id='word_1_122' title='bbox 1015 1730 1152 1798; x_wconf 90' lang='lat' dir='ltr'><strong>Lucium</strong></span> <span class='ocrx_word' id='word_1_123' title='bbox 1170 1726 1372 1794; x_wconf 78' lang='lat' dir='ltr'><strong>Palaestram</strong></span> 
     </span>
     <span class='ocr_line' id='line_1_17' title="bbox 190 1831 1374 1919; baseline -0.004 -17"><span class='ocrx_word' id='word_1_124' title='bbox 190 1833 449 1916; x_wconf 73' lang='lat' dir='ltr'><strong>vituperatnrum</strong></span> <span class='ocrx_word' id='word_1_125' title='bbox 476 1833 570 1914; x_wconf 77' lang='lat' dir='ltr'><strong>tacit,</strong></span> <span class='ocrx_word' id='word_1_126' title='bbox 608 1837 752 1919; x_wconf 76' lang='lat' dir='ltr'><strong>quamuis</strong></span> <span class='ocrx_word' id='word_1_127' title='bbox 790 1835 824 1900; x_wconf 91' lang='lat' dir='ltr'><strong>in</strong></span> <span class='ocrx_word' id='word_1_128' title='bbox 852 1834 936 1902; x_wconf 90' lang='lat' dir='ltr'><strong>asini</strong></span> <span class='ocrx_word' id='word_1_129' title='bbox 968 1833 1108 1910; x_wconf 81' lang='lat' dir='ltr'><strong>formam</strong></span> <span class='ocrx_word' id='word_1_130' title='bbox 1134 1834 1279 1898; x_wconf 90' lang='lat' dir='ltr'><strong>mutatus</strong></span> <span class='ocrx_word' id='word_1_131' title='bbox 1308 1831 1374 1897; x_wconf 89' lang='lat' dir='ltr'><strong>iam</strong></span> 
     </span>
     <span class='ocr_line' id='line_1_18' title="bbox 190 1932 1373 2021; baseline -0.003 -20"><span class='ocrx_word' id='word_1_132' title='bbox 190 1957 296 2020; x_wconf 89' lang='lat' dir='ltr'><strong>neque</strong></span> <span class='ocrx_word' id='word_1_133' title='bbox 310 1938 434 2004; x_wconf 82' lang='lat' dir='ltr'><strong>vultum</strong></span> <span class='ocrx_word' id='word_1_134' title='bbox 456 1958 561 2021; x_wconf 86' lang='lat' dir='ltr'><strong>neque</strong></span> <span class='ocrx_word' id='word_1_135' title='bbox 583 1955 693 2007; x_wconf 78' lang='lat' dir='ltr'><strong>uocem</strong></span> <span class='ocrx_word' id='word_1_136' title='bbox 707 1937 843 2004; x_wconf 86' lang='lat' dir='ltr'><strong>hominis</strong></span> <span class='ocrx_word' id='word_1_137' title='bbox 859 1936 979 2007; x_wconf 89' lang='lat' dir='ltr'><strong>habeat</strong></span> <span class='ocrx_word' id='word_1_138' title='bbox 998 1938 1081 2021; x_wconf 83' lang='lat' dir='ltr'><strong>(cap.</strong></span> <span class='ocrx_word' id='word_1_139' title='bbox 1099 1940 1137 2000; x_wconf 87' lang='lat'><strong>13</strong></span> <span class='ocrx_word' id='word_1_140' title='bbox 1160 1955 1184 2002; x_wconf 90' lang='lat' dir='ltr'><strong>s.</strong></span> <span class='ocrx_word' id='word_1_141' title='bbox 1198 1933 1245 2013; x_wconf 75' lang='lat' dir='ltr'><strong>i).</strong></span> <span class='ocrx_word' id='word_1_142' title='bbox 1283 1932 1373 2000; x_wconf 86' lang='lat' dir='ltr'><strong>Adde</strong></span> 
     </span>
     <span class='ocr_line' id='line_1_19' title="bbox 191 2035 1372 2124; baseline -0.003 -20"><span class='ocrx_word' id='word_1_143' title='bbox 191 2037 307 2104; x_wconf 90' lang='lat' dir='ltr'><strong>deinde</strong></span> <span class='ocrx_word' id='word_1_144' title='bbox 345 2059 401 2106; x_wconf 91' lang='lat' dir='ltr'><strong>eos</strong></span> <span class='ocrx_word' id='word_1_145' title='bbox 433 2039 536 2120; x_wconf 88' lang='lat' dir='ltr'><strong>locos,</strong></span> <span class='ocrx_word' id='word_1_146' title='bbox 569 2039 623 2108; x_wconf 93' lang='lat' dir='ltr'><strong>ubi</strong></span> <span class='ocrx_word' id='word_1_147' title='bbox 653 2040 805 2110; x_wconf 79' lang='lat' dir='ltr'><strong>Charitas</strong></span> <span class='ocrx_word' id='word_1_148' title='bbox 840 2040 982 2124; x_wconf 67' lang='lat' dir='ltr'><strong>uirginis,</strong></span> <span class='ocrx_word' id='word_1_149' title='bbox 1004 2043 1155 2124; x_wconf 86' lang='lat' dir='ltr'><strong>parentes</strong></span> <span class='ocrx_word' id='word_1_150' title='bbox 1184 2035 1372 2112; x_wconf 84' lang='lat' dir='ltr'><strong>deliberant,</strong></span> 
     </span>
     <span class='ocr_line' id='line_1_20' title="bbox 193 2138 1373 2226; baseline -0.003 -18"><span class='ocrx_word' id='word_1_151' title='bbox 193 2143 354 2226; x_wconf 86' lang='lat' dir='ltr'><strong>quomodo</strong></span> <span class='ocrx_word' id='word_1_152' title='bbox 383 2163 526 2210; x_wconf 81' lang='lat' dir='ltr'><strong>srnnmas</strong></span> <span class='ocrx_word' id='word_1_153' title='bbox 557 2143 680 2226; x_wconf 85' lang='lat' dir='ltr'><strong>gratias</strong></span> <span class='ocrx_word' id='word_1_154' title='bbox 709 2144 800 2210; x_wconf 85' lang='lat' dir='ltr'><strong>asino</strong></span> <span class='ocrx_word' id='word_1_155' title='bbox 830 2143 973 2210; x_wconf 87' lang='lat' dir='ltr'><strong>referant</strong></span> <span class='ocrx_word' id='word_1_156' title='bbox 996 2147 1078 2224; x_wconf 72' lang='lat' dir='ltr'><strong>(cap,</strong></span> <span class='ocrx_word' id='word_1_157' title='bbox 1102 2141 1156 2223; x_wconf 80' lang='lat'><strong>27)</strong></span> <span class='ocrx_word' id='word_1_158' title='bbox 1180 2145 1213 2205; x_wconf 89' lang='lat' dir='ltr'><strong>et</strong></span> <span class='ocrx_word' id='word_1_159' title='bbox 1235 2138 1296 2206; x_wconf 91' lang='lat' dir='ltr'><strong>ubi.</strong></span> <span class='ocrx_word' id='word_1_160' title='bbox 1312 2139 1373 2204; x_wconf 91' lang='lat' dir='ltr'><strong>Lu·</strong></span> 
     </span>
     <span class='ocr_line' id='line_1_21' title="bbox 193 2241 1373 2331; baseline -0.007 -17"><span class='ocrx_word' id='word_1_161' title='bbox 193 2245 269 2323; x_wconf 86' lang='lat' dir='ltr'><strong>cius,</strong></span> <span class='ocrx_word' id='word_1_162' title='bbox 294 2247 350 2329; x_wconf 89' lang='lat' dir='ltr'><strong>qui</strong></span> <span class='ocrx_word' id='word_1_163' title='bbox 371 2246 450 2314; x_wconf 89' lang='lat' dir='ltr'><strong>deae</strong></span> <span class='ocrx_word' id='word_1_164' title='bbox 473 2246 584 2331; x_wconf 77' lang='lat' dir='ltr'><strong>Syriae</strong></span> <span class='ocrx_word' id='word_1_165' title='bbox 613 2245 797 2316; x_wconf 78' lang='lat' dir='ltr'><strong>sacerdotes</strong></span> <span class='ocrx_word' id='word_1_166' title='bbox 820 2245 954 2314; x_wconf 85' lang='lat' dir='ltr'><strong>vulnera</strong></span> <span class='ocrx_word' id='word_1_167' title='bbox 983 2244 1045 2315; x_wconf 93' lang='lat' dir='ltr'><strong>sibi</strong></span> <span class='ocrx_word' id='word_1_168' title='bbox 1067 2243 1248 2326; x_wconf 84' lang='lat' dir='ltr'><strong>infligentes</strong></span> <span class='ocrx_word' id='word_1_169' title='bbox 1277 2241 1373 2320; x_wconf 86' lang='lat' dir='ltr'><strong>videt,</strong></span> 
     </span>
     <span class='ocr_line' id='line_1_22' title="bbox 191 2345 1374 2432; baseline -0.005 -18"><span class='ocrx_word' id='word_1_170' title='bbox 191 2350 323 2425; x_wconf 77' lang='lat' dir='ltr'><strong>metunt,</strong></span> <span class='ocrx_word' id='word_1_171' title='bbox 351 2369 391 2413; x_wconf 89' lang='lat' dir='ltr'><strong>ne</strong></span> <span class='ocrx_word' id='word_1_172' title='bbox 421 2349 518 2416; x_wconf 86' lang='lat' dir='ltr'><strong>etiam</strong></span> <span class='ocrx_word' id='word_1_173' title='bbox 541 2347 656 2415; x_wconf 78' lang='lat' dir='ltr'><strong>nemini</strong></span> <span class='ocrx_word' id='word_1_174' title='bbox 678 2348 845 2432; x_wconf 84' lang='lat' dir='ltr'><strong>sanguinis</strong></span> <span class='ocrx_word' id='word_1_175' title='bbox 876 2347 1036 2432; x_wconf 81' lang='lat' dir='ltr'><strong>cupiditas</strong></span> <span class='ocrx_word' id='word_1_176' title='bbox 1057 2346 1136 2413; x_wconf 87' lang='lat' dir='ltr'><strong>deae</strong></span> <span class='ocrx_word' id='word_1_177' title='bbox 1158 2347 1299 2412; x_wconf 86' lang='lat' dir='ltr'><strong>animum</strong></span> <span class='ocrx_word' id='word_1_178' title='bbox 1327 2345 1374 2411; x_wconf 88' lang='lat' dir='ltr'><strong>in-</strong></span> 
     </span>
    </p>
   </div>
   <div class='ocr_carea' id='block_1_3' title="bbox 89 2445 1374 2535">
    <p class='ocr_par' dir='ltr' id='par_1_4' title="bbox 89 2445 1374 2535">
     <span class='ocr_line' id='line_1_23' title="bbox 89 2445 1374 2535; baseline -0.007 -16"><span class='ocrx_word' id='word_1_179' title='bbox 89 2491 92 2497; x_wconf 93' lang='lat'>·</span> <span class='ocrx_word' id='word_1_180' title='bbox 190 2450 290 2518; x_wconf 79' lang='lat' dir='ltr'><strong>vadat</strong></span> <span class='ocrx_word' id='word_1_181' title='bbox 313 2453 395 2533; x_wconf 82' lang='lat' dir='ltr'><strong>(cap.</strong></span> <span class='ocrx_word' id='word_1_182' title='bbox 420 2453 482 2533; x_wconf 84' lang='lat'><strong>37).</strong></span> <span class='ocrx_word' id='word_1_183' title='bbox 527 2450 599 2518; x_wconf 81' lang='lat' dir='ltr'><strong>Alia</strong></span> <span class='ocrx_word' id='word_1_184' title='bbox 621 2455 697 2518; x_wconf 89' lang='lat' dir='ltr'><strong>sunt</strong></span> <span class='ocrx_word' id='word_1_185' title='bbox 719 2451 786 2516; x_wconf 91' lang='lat' dir='ltr'><strong>eins</strong></span> <span class='ocrx_word' id='word_1_186' title='bbox 809 2451 909 2521; x_wconf 89' lang='lat' dir='ltr'><strong>modi:</strong></span> <span class='ocrx_word' id='word_1_187' title='bbox 933 2471 1002 2535; x_wconf 86' lang='lat' dir='ltr'><strong>cap.</strong></span> <span class='ocrx_word' id='word_1_188' title='bbox 1027 2455 1068 2516; x_wconf 80' lang='lat'><strong>26</strong></span> <span class='ocrx_word' id='word_1_189' title='bbox 1091 2449 1136 2515; x_wconf 87' lang='lat' dir='ltr'><strong>sf:</strong></span> <span class='ocrx_word' id='word_1_190' title='bbox 1168 2445 1200 2514; x_wconf 81' lang='lat' dir='ltr'><strong>ot</strong></span> <span class='ocrx_word' id='word_1_191' title='bbox 1222 2447 1374 2533; x_wconf 70' lang='grc' dir='ltr'><strong>κωμῆται</strong></span> 
     </span>
    </p>
   </div>
   <div class='ocr_carea' id='block_1_4' title="bbox 191 2545 1378 4178">
    <p class='ocr_par' dir='ltr' id='par_1_5' title="bbox 191 2545 1376 3242">
     <span class='ocr_line' id='line_1_24' title="bbox 191 2545 1373 2640; baseline -0.007 -20"><span class='ocrx_word' id='word_1_192' title='bbox 191 2545 1373 2640; x_wconf 68' lang='grc' dir='ltr'><strong><em>ἔγνωσανἡμᾶςεὐτυχοῦνταςεὐαγγέλιοναῦνοῖςέμοῦπροοηκησαμένου.</em></strong></span> 
     </span>
     <span class='ocr_line' id='line_1_25' title="bbox 192 2641 1374 2743; baseline -0.002 -23"><span class='ocrx_word' id='word_1_193' title='bbox 192 2653 261 2740; x_wconf 75' lang='lat' dir='ltr'><strong>cap.</strong></span> <span class='ocrx_word' id='word_1_194' title='bbox 285 2660 339 2720; x_wconf 81' lang='lat'><strong>27:</strong></span> <span class='ocrx_word' id='word_1_195' title='bbox 369 2654 569 2743; x_wconf 81' lang='grc' dir='ltr'><strong><em>κανηρώμην</em></strong></span> <span class='ocrx_word' id='word_1_196' title='bbox 594 2644 654 2742; x_wconf 73' lang='grc' dir='ltr'><strong><em>την</em></strong></span> <span class='ocrx_word' id='word_1_197' title='bbox 675 2653 896 2741; x_wconf 77' lang='grc' dir='ltr'><strong><em>Πάλαισνραν</em></strong></span> <span class='ocrx_word' id='word_1_198' title='bbox 927 2647 972 2731; x_wconf 79' lang='grc' dir='ltr'><strong>ὦς</strong></span> <span class='ocrx_word' id='word_1_199' title='bbox 995 2645 1072 2721; x_wconf 66' lang='lat' dir='ltr'><strong>droa</strong></span> <span class='ocrx_word' id='word_1_200' title='bbox 1091 2677 1134 2737; x_wconf 78' lang='grc' dir='ltr'><strong>με</strong></span> <span class='ocrx_word' id='word_1_201' title='bbox 1155 2650 1213 2718; x_wconf 84' lang='grc' dir='ltr'><strong>καὶ</strong></span> <span class='ocrx_word' id='word_1_202' title='bbox 1233 2641 1270 2716; x_wconf 79' lang='grc' dir='ltr'><strong>οὗ</strong></span> <span class='ocrx_word' id='word_1_203' title='bbox 1293 2649 1374 2716; x_wconf 86' lang='grc' dir='ltr'><strong><em>κύνα</em></strong></span> 
     </span>
     <span class='ocr_line' id='line_1_26' title="bbox 191 2745 1376 2846; baseline -0.002 -24"><span class='ocrx_word' id='word_1_204' title='bbox 191 2756 231 2839; x_wconf 76' lang='grc' dir='ltr'><strong><em>νῆ</em></strong></span> <span class='ocrx_word' id='word_1_205' title='bbox 253 2754 347 2844; x_wconf 78' lang='grc' dir='ltr'><strong><em>τέχνη</em></strong></span> <span class='ocrx_word' id='word_1_206' title='bbox 368 2758 584 2840; x_wconf 76' lang='grc' dir='ltr'><strong><em>μεταθεῖσαν.</em></strong></span> <span class='ocrx_word' id='word_1_207' title='bbox 615 2752 730 2846; x_wconf 77' lang='grc' dir='ltr'><strong><em>ἑώρων</em></strong></span> <span class='ocrx_word' id='word_1_208' title='bbox 758 2754 822 2846; x_wconf 76' lang='grc' dir='ltr'><strong>γὰρ</strong></span> <span class='ocrx_word' id='word_1_209' title='bbox 849 2755 927 2834; x_wconf 77' lang='grc' dir='ltr'><strong><em>τοὺς</em></strong></span> <span class='ocrx_word' id='word_1_210' title='bbox 955 2752 1055 2834; x_wconf 82' lang='grc' dir='ltr'><strong><em>κύνας</em></strong></span> <span class='ocrx_word' id='word_1_211' title='bbox 1083 2750 1130 2832; x_wconf 77' lang='lat' dir='ltr'><strong>sig</strong></span> <span class='ocrx_word' id='word_1_212' title='bbox 1158 2745 1376 2822; x_wconf 71' lang='grc' dir='ltr'><strong><em>τούπτανεῖον</em></strong></span> 
     </span>
     <span class='ocr_line' id='line_1_27' title="bbox 192 2846 1375 2948; baseline -0.002 -22"><span class='ocrx_word' id='word_1_213' title='bbox 192 2854 428 2948; x_wconf 81' lang='grc' dir='ltr'><strong><em>παρειςιόννας</em></strong></span> <span class='ocrx_word' id='word_1_214' title='bbox 448 2852 505 2922; x_wconf 84' lang='grc' dir='ltr'><strong>καὶ</strong></span> <span class='ocrx_word' id='word_1_215' title='bbox 526 2846 758 2948; x_wconf 79' lang='grc' dir='ltr'><strong><em>λαφύσσονιας</em></strong></span> <span class='ocrx_word' id='word_1_216' title='bbox 779 2855 893 2926; x_wconf 76' lang='grc' dir='ltr'><em>πολλὰ</em></span> <span class='ocrx_word' id='word_1_217' title='bbox 915 2855 972 2924; x_wconf 83' lang='grc' dir='ltr'><strong>καὶ</strong></span> <span class='ocrx_word' id='word_1_218' title='bbox 996 2851 1060 2924; x_wconf 82' lang='grc' dir='ltr'><strong>ὅσα</strong></span> <span class='ocrx_word' id='word_1_219' title='bbox 1082 2853 1117 2924; x_wconf 79' lang='grc' dir='ltr'><strong><em>ἐν</em></strong></span> <span class='ocrx_word' id='word_1_220' title='bbox 1132 2851 1253 2942; x_wconf 73' lang='grc' dir='ltr'><strong>γάμοις</strong></span> <span class='ocrx_word' id='word_1_221' title='bbox 1274 2855 1375 2924; x_wconf 81' lang='grc' dir='ltr'><strong><em>πλον-</em></strong></span> 
     </span>
     <span class='ocr_line' id='line_1_28' title="bbox 192 2951 1371 3049; baseline -0.002 -23"><span class='ocrx_word' id='word_1_222' title='bbox 192 2954 275 3028; x_wconf 83' lang='grc' dir='ltr'><strong><em>αίων</em></strong></span> <span class='ocrx_word' id='word_1_223' title='bbox 306 2954 469 3049; x_wconf 75' lang='grc' dir='ltr'><strong>νυμφίων.</strong></span> <span class='ocrx_word' id='word_1_224' title='bbox 505 2981 573 3044; x_wconf 88' lang='lat' dir='ltr'><strong>cap.</strong></span> <span class='ocrx_word' id='word_1_225' title='bbox 604 2968 644 3030; x_wconf 81' lang='lat'><strong>38</strong></span> <span class='ocrx_word' id='word_1_226' title='bbox 672 2963 725 3030; x_wconf 88' lang='lat' dir='ltr'><strong>fin.</strong></span> <span class='ocrx_word' id='word_1_227' title='bbox 755 2957 840 3028; x_wconf 78' lang='lat' dir='ltr'><strong>diosc</strong></span> <span class='ocrx_word' id='word_1_228' title='bbox 869 2985 912 3044; x_wconf 80' lang='grc' dir='ltr'><strong>με</strong></span> <span class='ocrx_word' id='word_1_229' title='bbox 935 2958 984 3047; x_wconf 38' lang='grc' dir='ltr'><strong>’μή</strong></span> <span class='ocrx_word' id='word_1_230' title='bbox 1021 2951 1219 3036; x_wconf 71' lang='grc' dir='ltr'><strong><em>ἀποκτεῖναι</em></strong></span> <span class='ocrx_word' id='word_1_231' title='bbox 1254 2956 1371 3036; x_wconf 73' lang='grc' dir='ltr'><strong><em>δεινῶς</em></strong></span> 
     </span>
     <span class='ocr_line' id='line_1_29' title="bbox 194 3051 1372 3152; baseline -0.005 -20"><span class='ocrx_word' id='word_1_232' title='bbox 194 3054 316 3140; x_wconf 74' lang='grc' dir='ltr'><strong><em>αὐτοὺς</em></strong></span> <span class='ocrx_word' id='word_1_233' title='bbox 344 3057 364 3148; x_wconf 80' lang='grc' dir='ltr'><em>ἦ</em></span> <span class='ocrx_word' id='word_1_234' title='bbox 392 3060 477 3142; x_wconf 76' lang='grc' dir='ltr'><strong>θεὸς</strong></span> <span class='ocrx_word' id='word_1_235' title='bbox 498 3058 702 3152; x_wconf 60' lang='lat' dir='ltr'><strong>:severinam</strong></span> <span class='ocrx_word' id='word_1_236' title='bbox 728 3061 836 3148; x_wconf 74' lang='grc' dir='ltr'><strong><em>χαμαὶ</em></strong></span> <span class='ocrx_word' id='word_1_237' title='bbox 865 3061 1039 3150; x_wconf 75' lang='grc' dir='ltr'><strong><em>καθημένη</em></strong></span> <span class='ocrx_word' id='word_1_238' title='bbox 1065 3056 1124 3127; x_wconf 87' lang='grc' dir='ltr'><strong>καὶ</strong></span> <span class='ocrx_word' id='word_1_239' title='bbox 1156 3052 1215 3128; x_wconf 80' lang='grc' dir='ltr'><strong>οὐκ</strong></span> <span class='ocrx_word' id='word_1_240' title='bbox 1251 3051 1372 3141; x_wconf 69' lang='grc' dir='ltr'><strong><em>ἔχουσα</em></strong></span> 
     </span>
     <span class='ocr_line' id='line_1_30' title="bbox 194 3157 437 3242; baseline 0 -12"><span class='ocrx_word' id='word_1_241' title='bbox 194 3157 290 3242; x_wconf 81' lang='grc' dir='ltr'><em>ὅπως</em></span> <span class='ocrx_word' id='word_1_242' title='bbox 312 3157 437 3232; x_wconf 75' lang='lat' dir='ltr'><strong>(idatios.</strong></span> 
     </span>
    </p>

    <p class='ocr_par' dir='ltr' id='par_1_6' title="bbox 196 3264 1378 4178">
     <span class='ocr_line' id='line_1_31' title="bbox 281 3264 1374 3354; baseline -0.001 -24"><span class='ocrx_word' id='word_1_243' title='bbox 281 3265 403 3332; x_wconf 89' lang='lat' dir='ltr'><strong>Deinde</strong></span> <span class='ocrx_word' id='word_1_244' title='bbox 425 3267 504 3334; x_wconf 88' lang='lat' dir='ltr'><strong>illud</strong></span> <span class='ocrx_word' id='word_1_245' title='bbox 522 3272 574 3336; x_wconf 86' lang='lat' dir='ltr'><strong>est</strong></span> <span class='ocrx_word' id='word_1_246' title='bbox 596 3267 729 3337; x_wconf 88' lang='lat' dir='ltr'><strong>Luciani</strong></span> <span class='ocrx_word' id='word_1_247' title='bbox 749 3269 930 3354; x_wconf 83' lang='lat' dir='ltr'><strong>proprium,</strong></span> <span class='ocrx_word' id='word_1_248' title='bbox 958 3265 1085 3334; x_wconf 70' lang='lat' dir='ltr'><strong>noenu</strong></span> <span class='ocrx_word' id='word_1_249' title='bbox 1106 3285 1224 3352; x_wconf 87' lang='lat' dir='ltr'><strong>genere</strong></span> <span class='ocrx_word' id='word_1_250' title='bbox 1247 3264 1374 3337; x_wconf 88' lang='lat' dir='ltr'><strong>sublimi</strong></span> 
     </span>
     <span class='ocr_line' id='line_1_32' title="bbox 196 3367 1374 3455; baseline 0 -21"><span class='ocrx_word' id='word_1_251' title='bbox 196 3373 230 3434; x_wconf 89' lang='lat' dir='ltr'><strong>et</strong></span> <span class='ocrx_word' id='word_1_252' title='bbox 250 3369 418 3454; x_wconf 85' lang='lat' dir='ltr'><strong>magnifico</strong></span> <span class='ocrx_word' id='word_1_253' title='bbox 442 3391 670 3455; x_wconf 87' lang='lat' dir='ltr'><strong>nonnunquam</strong></span> <span class='ocrx_word' id='word_1_254' title='bbox 701 3372 748 3438; x_wconf 91' lang='lat' dir='ltr'><strong>uti</strong></span> <span class='ocrx_word' id='word_1_255' title='bbox 775 3371 809 3438; x_wconf 93' lang='lat' dir='ltr'><strong>in</strong></span> <span class='ocrx_word' id='word_1_256' title='bbox 836 3371 933 3440; x_wconf 86' lang='lat' dir='ltr'><strong>rebus</strong></span> <span class='ocrx_word' id='word_1_257' title='bbox 961 3369 1129 3441; x_wconf 83' lang='lat' dir='ltr'><strong>levissimis</strong></span> <span class='ocrx_word' id='word_1_258' title='bbox 1160 3373 1194 3434; x_wconf 91' lang='lat' dir='ltr'><strong>et</strong></span> <span class='ocrx_word' id='word_1_259' title='bbox 1215 3367 1374 3435; x_wconf 86' lang='lat' dir='ltr'><strong>vilissimis</strong></span> 
     </span>
     <span class='ocr_line' id='line_1_33' title="bbox 196 3469 1374 3558; baseline -0.002 -20"><span class='ocrx_word' id='word_1_260' title='bbox 196 3471 395 3542; x_wconf 81' lang='lat' dir='ltr'><strong>enarrandis.</strong></span> <span class='ocrx_word' id='word_1_261' title='bbox 421 3473 519 3542; x_wconf 79' lang='lat' dir='ltr'><strong>Cuius</strong></span> <span class='ocrx_word' id='word_1_262' title='bbox 532 3474 581 3540; x_wconf 89' lang='lat' dir='ltr'><strong>rei</strong></span> <span class='ocrx_word' id='word_1_263' title='bbox 596 3473 744 3557; x_wconf 86' lang='lat' dir='ltr'><strong>exempla</strong></span> <span class='ocrx_word' id='word_1_264' title='bbox 763 3475 798 3540; x_wconf 91' lang='lat' dir='ltr'><strong>in</strong></span> <span class='ocrx_word' id='word_1_265' title='bbox 824 3473 886 3540; x_wconf 84' lang='lat' dir='ltr'><strong>hoe</strong></span> <span class='ocrx_word' id='word_1_266' title='bbox 908 3494 1036 3558; x_wconf 89' lang='lat' dir='ltr'><strong>qnoque</strong></span> <span class='ocrx_word' id='word_1_267' title='bbox 1058 3470 1166 3538; x_wconf 87' lang='lat' dir='ltr'><strong>libello</strong></span> <span class='ocrx_word' id='word_1_268' title='bbox 1188 3469 1374 3550; x_wconf 83' lang='lat' dir='ltr'><strong>invenimus,</strong></span> 
     </span>
     <span class='ocr_line' id='line_1_34' title="bbox 196 3563 1375 3656; baseline 0 -18"><span class='ocrx_word' id='word_1_269' title='bbox 196 3595 268 3640; x_wconf 88' lang='lat' dir='ltr'><strong>cnm</strong></span> <span class='ocrx_word' id='word_1_270' title='bbox 291 3563 454 3643; x_wconf 76' lang='lat' dir='ltr'><strong>auctorem</strong></span> <span class='ocrx_word' id='word_1_271' title='bbox 478 3613 517 3624; x_wconf 82' lang='grc'><strong>-</strong></span> <span class='ocrx_word' id='word_1_272' title='bbox 540 3580 577 3642; x_wconf 91' lang='lat' dir='ltr'><strong>nt</strong></span> <span class='ocrx_word' id='word_1_273' title='bbox 598 3575 644 3640; x_wconf 91' lang='lat' dir='ltr'><strong>ita</strong></span> <span class='ocrx_word' id='word_1_274' title='bbox 666 3575 770 3645; x_wconf 89' lang='lat' dir='ltr'><strong>dicam</strong></span> <span class='ocrx_word' id='word_1_275' title='bbox 792 3613 833 3624; x_wconf 90' lang='lat'><em>-</em></span> <span class='ocrx_word' id='word_1_276' title='bbox 848 3575 937 3643; x_wconf 83' lang='lat' dir='ltr'><strong>vultu</strong></span> <span class='ocrx_word' id='word_1_277' title='bbox 960 3575 1003 3642; x_wconf 92' lang='lat' dir='ltr'><strong>ad</strong></span> <span class='ocrx_word' id='word_1_278' title='bbox 1025 3575 1230 3640; x_wconf 83' lang='lat' dir='ltr'><strong>severitatem</strong></span> <span class='ocrx_word' id='word_1_279' title='bbox 1252 3593 1375 3656; x_wconf 87' lang='lat' dir='ltr'><strong>compo·</strong></span> 
     </span>
     <span class='ocr_line' id='line_1_35' title="bbox 197 3671 1374 3764; baseline 0 -22"><span class='ocrx_word' id='word_1_280' title='bbox 197 3677 260 3742; x_wconf 88' lang='lat' dir='ltr'><strong>sito</strong></span> <span class='ocrx_word' id='word_1_281' title='bbox 281 3676 436 3744; x_wconf 86' lang='lat' dir='ltr'><strong>iocularia</strong></span> <span class='ocrx_word' id='word_1_282' title='bbox 450 3677 571 3747; x_wconf 79' lang='lat' dir='ltr'><strong>fudisse</strong></span> <span class='ocrx_word' id='word_1_283' title='bbox 594 3677 760 3746; x_wconf 81' lang='lat' dir='ltr'><strong>videamus</strong></span> <span class='ocrx_word' id='word_1_284' title='bbox 773 3678 891 3762; x_wconf 89' lang='lat' dir='ltr'><strong>incap.</strong></span> <span class='ocrx_word' id='word_1_285' title='bbox 909 3683 960 3744; x_wconf 85' lang='lat'><strong>35.</strong></span> <span class='ocrx_word' id='word_1_286' title='bbox 981 3679 1031 3744; x_wconf 85' lang='lat' dir='ltr'><strong>in:</strong></span> <span class='ocrx_word' id='word_1_287' title='bbox 1056 3671 1134 3764; x_wconf 79' lang='grc' dir='ltr'><strong>ἠδὲ</strong></span> <span class='ocrx_word' id='word_1_288' title='bbox 1156 3671 1267 3742; x_wconf 74' lang='grc' dir='ltr'><strong><em>πολλὰ</em></strong></span> <span class='ocrx_word' id='word_1_289' title='bbox 1292 3674 1374 3742; x_wconf 80' lang='grc' dir='ltr'><strong><em>πολ-</em></strong></span> 
     </span>
     <span class='ocr_line' id='line_1_36' title="bbox 197 3767 1377 3869; baseline 0.001 -23"><span class='ocrx_word' id='word_1_290' title='bbox 197 3775 293 3857; x_wconf 78' lang='grc' dir='ltr'>λάκις</span> <span class='ocrx_word' id='word_1_291' title='bbox 319 3778 493 3869; x_wconf 65' lang='lat' dir='ltr'><strong>ducendam</strong></span> <span class='ocrx_word' id='word_1_292' title='bbox 516 3778 573 3850; x_wconf 79' lang='grc' dir='ltr'><strong>καὶ</strong></span> <span class='ocrx_word' id='word_1_293' title='bbox 597 3775 856 3866; x_wconf 74' lang='lat' dir='ltr'><strong>narentanorum</strong></span> <span class='ocrx_word' id='word_1_294' title='bbox 883 3776 1030 3864; x_wconf 83' lang='grc' dir='ltr'><strong>Νέμεσις</strong></span> <span class='ocrx_word' id='word_1_295' title='bbox 1056 3772 1158 3868; x_wconf 71' lang='grc' dir='ltr'><strong><em>ἤγαγε</em></strong></span> <span class='ocrx_word' id='word_1_296' title='bbox 1184 3767 1289 3860; x_wconf 70' lang='grc' dir='ltr'><em>κάμοί</em></span> <span class='ocrx_word' id='word_1_297' title='bbox 1317 3777 1377 3863; x_wconf 74' lang='grc' dir='ltr'><strong>(τῷ</strong></span> 
     </span>
     <span class='ocr_line' id='line_1_37' title="bbox 199 3871 1376 3971; baseline 0.003 -25"><span class='ocrx_word' id='word_1_298' title='bbox 199 3871 279 3966; x_wconf 72' lang='grc' dir='ltr'><strong><em>ὄνῳ)</em></strong></span> <span class='ocrx_word' id='word_1_299' title='bbox 302 3877 557 3971; x_wconf 63' lang='lat' dir='ltr'><strong>adserentem.</strong></span> <span class='ocrx_word' id='word_1_300' title='bbox 602 3883 665 3950; x_wconf 93' lang='lat' dir='ltr'><strong>Ubi</strong></span> <span class='ocrx_word' id='word_1_301' title='bbox 687 3888 794 3950; x_wconf 89' lang='lat' dir='ltr'><strong>antem</strong></span> <span class='ocrx_word' id='word_1_302' title='bbox 817 3884 898 3952; x_wconf 89' lang='lat' dir='ltr'><strong>deae</strong></span> <span class='ocrx_word' id='word_1_303' title='bbox 922 3883 1032 3970; x_wconf 81' lang='lat' dir='ltr'><strong>Syriae</strong></span> <span class='ocrx_word' id='word_1_304' title='bbox 1055 3881 1239 3950; x_wconf 86' lang='lat' dir='ltr'><strong>sacerdotes</strong></span> <span class='ocrx_word' id='word_1_305' title='bbox 1263 3881 1304 3948; x_wconf 89' lang='lat' dir='ltr'><strong>ab</strong></span> <span class='ocrx_word' id='word_1_306' title='bbox 1323 3882 1376 3948; x_wconf 89' lang='lat' dir='ltr'><strong>ho·</strong></span> 
     </span>
     <span class='ocr_line' id='line_1_38' title="bbox 197 3983 1376 4071; baseline 0 -21"><span class='ocrx_word' id='word_1_307' title='bbox 197 3983 336 4054; x_wconf 86' lang='lat' dir='ltr'><strong>minibus</strong></span> <span class='ocrx_word' id='word_1_308' title='bbox 358 3985 531 4058; x_wconf 79' lang='lat' dir='ltr'><strong>metiendis</strong></span> <span class='ocrx_word' id='word_1_309' title='bbox 553 3988 669 4071; x_wconf 84' lang='lat' dir='ltr'><strong>stipem</strong></span> <span class='ocrx_word' id='word_1_310' title='bbox 691 3985 890 4054; x_wconf 85' lang='lat' dir='ltr'><strong>mendicasse</strong></span> <span class='ocrx_word' id='word_1_311' title='bbox 912 3993 1036 4064; x_wconf 86' lang='lat' dir='ltr'><strong>narrat,</strong></span> <span class='ocrx_word' id='word_1_312' title='bbox 1071 3985 1123 4052; x_wconf 89' lang='lat' dir='ltr'><strong>hie</strong></span> <span class='ocrx_word' id='word_1_313' title='bbox 1149 3983 1252 4050; x_wconf 89' lang='lat' dir='ltr'><strong>utitur</strong></span> <span class='ocrx_word' id='word_1_314' title='bbox 1274 3984 1376 4052; x_wconf 87' lang='lat' dir='ltr'><strong>verbis</strong></span> 
     </span>
     <span class='ocr_line' id='line_1_39' title="bbox 200 4079 1378 4178; baseline 0.002 -26"><span class='ocrx_word' id='word_1_315' title='bbox 200 4088 287 4170; x_wconf 88' lang='lat' dir='ltr'><strong>(cap.</strong></span> <span class='ocrx_word' id='word_1_316' title='bbox 319 4092 360 4153; x_wconf 81' lang='lat'><strong>38</strong></span> <span class='ocrx_word' id='word_1_317' title='bbox 386 4089 473 4174; x_wconf 90' lang='lat' dir='ltr'><strong>init):</strong></span> <span class='ocrx_word' id='word_1_318' title='bbox 504 4084 562 4156; x_wconf 83' lang='grc' dir='ltr'><strong>καί</strong></span> <span class='ocrx_word' id='word_1_319' title='bbox 590 4113 673 4157; x_wconf 80' lang='grc' dir='ltr'><strong><em>ποτε</em></strong></span> <span class='ocrx_word' id='word_1_320' title='bbox 701 4083 749 4168; x_wconf 80' lang='grc' dir='ltr'><strong>εἰς</strong></span> <span class='ocrx_word' id='word_1_321' title='bbox 780 4085 894 4178; x_wconf 82' lang='grc' dir='ltr'><strong><em>κώμην</em></strong></span> <span class='ocrx_word' id='word_1_322' title='bbox 921 4085 995 4156; x_wconf 80' lang='grc' dir='ltr'><strong><em>τινὰ</em></strong></span> <span class='ocrx_word' id='word_1_323' title='bbox 1026 4079 1135 4154; x_wconf 74' lang='grc' dir='ltr'><strong><em>αὐτῶν</em></strong></span> <span class='ocrx_word' id='word_1_324' title='bbox 1163 4079 1378 4172; x_wconf 71' lang='grc' dir='ltr'><strong><em>εἶςβαλόννων</em></strong></span> 
     </span>
    </p>
   </div>
   <div class='ocr_carea' id='block_1_5' title="bbox 200 4227 409 4251">
    <p class='ocr_par' dir='ltr' id='par_1_7' title="bbox 200 4227 409 4251">
     <span class='ocr_line' id='line_1_40' title="bbox 200 4227 409 4251; baseline -0.005 -1"><span class='ocrx_word' id='word_1_325' title='bbox 200 4227 409 4251; x_wconf 55' lang='grc' dir='ltr'><strong>π-η-ν-ι</strong></span> 
     </span>
    </p>
   </div>
   <div class='ocr_carea' id='block_1_6' title="bbox 271 4277 1197 4393">
    <p class='ocr_par' dir='ltr' id='par_1_8' title="bbox 271 4277 1197 4393">
     <span class='ocr_line' id='line_1_41' title="bbox 271 4277 1197 4393; baseline -0.015 -15"><span class='ocrx_word' id='word_1_326' title='bbox 271 4315 294 4387; x_wconf 84' lang='lat'><strong>¹)</strong></span> <span class='ocrx_word' id='word_1_327' title='bbox 314 4313 436 4376; x_wconf 76' lang='lat' dir='ltr'><strong>Laetori</strong></span> <span class='ocrx_word' id='word_1_328' title='bbox 454 4329 517 4393; x_wconf 84' lang='lat' dir='ltr'><strong>opp.</strong></span> <span class='ocrx_word' id='word_1_329' title='bbox 537 4313 609 4375; x_wconf 90' lang='lat' dir='ltr'><strong>edid.</strong></span> <span class='ocrx_word' id='word_1_330' title='bbox 628 4311 837 4387; x_wconf 84' lang='lat' dir='ltr'><strong>Bourdelotins,</strong></span> <span class='ocrx_word' id='word_1_331' title='bbox 855 4277 936 4371; x_wconf 79' lang='lat' dir='ltr'><strong>Paris</strong></span> <span class='ocrx_word' id='word_1_332' title='bbox 956 4310 1023 4370; x_wconf 82' lang='lat'>1615</span> <span class='ocrx_word' id='word_1_333' title='bbox 1040 4327 1068 4385; x_wconf 89' lang='lat' dir='ltr'><strong>p.</strong></span> <span class='ocrx_word' id='word_1_334' title='bbox 1089 4309 1148 4367; x_wconf 76' lang='lat' dir='ltr'><strong>eta.</strong></span> <span class='ocrx_word' id='word_1_335' title='bbox 1192 4313 1197 4320; x_wconf 89' lang='lat'>&#39;</span> 
     </span>
    </p>
   </div>
   <div class='ocr_carea' id='block_1_7' title="bbox 0 0 1448 4692">
    <p class='ocr_par' dir='ltr' id='par_1_9' title="bbox 0 0 1448 4692">
     <span class='ocr_line' id='line_1_42' title="bbox 0 0 1448 4692; baseline 0 0"><span class='ocrx_word' id='word_1_336' title='bbox 0 0 1448 4692; x_wconf 95' lang='lat' dir='ltr'><strong> </strong></span> 
     </span>
    </p>
   </div>
  </div>
 </body>
</html>
