<?xml version="1.0" encoding="UTF-8"?>
<!DOCTYPE html PUBLIC "-//W3C//DTD XHTML 1.0 Transitional//EN"
    "http://www.w3.org/TR/xhtml1/DTD/xhtml1-transitional.dtd">
<html xmlns="http://www.w3.org/1999/xhtml" xml:lang="en" lang="en">
 <head>
  <title>
</title>
<meta http-equiv="Content-Type" content="text/html;charset=utf-8" />
  <meta name='ocr-system' content='tesseract 3.04.00' />
  <meta name='ocr-capabilities' content='ocr_page ocr_carea ocr_par ocr_line ocrx_word'/>
</head>
<body>
  <div class='ocr_page' id='page_1' title='image "./delucianolibell00knaugoog_0034.png"; bbox 0 0 2878 4698; ppageno 0'>
   <div class='ocr_carea' id='block_1_1' title="bbox 549 179 763 274">
    <p class='ocr_par' dir='ltr' id='par_1_1' title="bbox 549 179 763 274">
     <span class='ocr_line' id='line_1_1' title="bbox 549 179 763 274; baseline -0.005 -47"><span class='ocrx_word' id='word_1_1' title='bbox 549 213 591 227; x_wconf 92' lang='grc'><strong>..</strong></span> <span class='ocrx_word' id='word_1_2' title='bbox 635 179 763 274; x_wconf 21' lang='lat' dir='ltr'>aa...</span> 
     </span>
    </p>
   </div>
   <div class='ocr_carea' id='block_1_2' title="bbox 19 317 1319 544">
    <p class='ocr_par' dir='ltr' id='par_1_2' title="bbox 19 317 1319 544">
     <span class='ocr_line' id='line_1_2' title="bbox 60 317 1319 439; baseline -0.003 -22"><span class='ocrx_word' id='word_1_3' title='bbox 60 357 188 436; x_wconf 73' lang='grc'><strong>6666666</strong></span> <span class='ocrx_word' id='word_1_4' title='bbox 220 351 332 438; x_wconf 57' lang='lat' dir='ltr'>magis&gt;</span> <span class='ocrx_word' id='word_1_5' title='bbox 355 350 490 418; x_wconf 84' lang='lat' dir='ltr'>laudare</span> <span class='ocrx_word' id='word_1_6' title='bbox 518 367 614 434; x_wconf 88' lang='lat' dir='ltr'>quam</span> <span class='ocrx_word' id='word_1_7' title='bbox 646 317 831 432; x_wconf 74' lang='grc'><strong>6666666666</strong></span> <span class='ocrx_word' id='word_1_8' title='bbox 862 343 1010 424; x_wconf 80' lang='lat' dir='ltr'>videatur</span> <span class='ocrx_word' id='word_1_9' title='bbox 1025 343 1243 432; x_wconf 64' lang='lat' dir='ltr'>(Gbambten</span> <span class='ocrx_word' id='word_1_10' title='bbox 1303 408 1319 439; x_wconf 87' lang='lat'><strong>-.</strong></span> 
     </span>
     <span class='ocr_line' id='line_1_3' title="bbox 19 449 1246 544; baseline -0.004 -25"><span class='ocrx_word' id='word_1_11' title='bbox 19 541 25 544; x_wconf 14' lang='grc' dir='ltr'>ξ</span> <span class='ocrx_word' id='word_1_12' title='bbox 62 477 93 540; x_wconf 81' lang='lat' dir='ltr'><strong>p.</strong></span> <span class='ocrx_word' id='word_1_13' title='bbox 122 459 190 520; x_wconf 80' lang='grc'><strong>176.</strong></span> <span class='ocrx_word' id='word_1_14' title='bbox 219 455 317 539; x_wconf 59' lang='grc'><strong>66866</strong></span> <span class='ocrx_word' id='word_1_15' title='bbox 348 453 564 520; x_wconf 79' lang='grc'><strong>6666666666</strong></span> <span class='ocrx_word' id='word_1_16' title='bbox 592 469 663 517; x_wconf 86' lang='grc'><strong>6666</strong></span> <span class='ocrx_word' id='word_1_17' title='bbox 690 452 773 518; x_wconf 86' lang='lat' dir='ltr'>banc</span> <span class='ocrx_word' id='word_1_18' title='bbox 805 449 1159 530; x_wconf 62' lang='lat' dir='ltr'>circumstantiam,</span> <span class='ocrx_word' id='word_1_19' title='bbox 1189 469 1246 514; x_wconf 84' lang='grc'><strong>666</strong></span> 
     </span>
    </p>
   </div>
   <div class='ocr_carea' id='block_1_3' title="bbox 61 551 1356 639">
    <p class='ocr_par' dir='ltr' id='par_1_3' title="bbox 61 551 1356 639">
     <span class='ocr_line' id='line_1_4' title="bbox 61 551 1356 639; baseline -0.005 -17"><span class='ocrx_word' id='word_1_20' title='bbox 61 557 192 622; x_wconf 82' lang='lat' dir='ltr'>libellus</span> <span class='ocrx_word' id='word_1_21' title='bbox 215 556 348 623; x_wconf 78' lang='lat' dir='ltr'>Liuiani</span> <span class='ocrx_word' id='word_1_22' title='bbox 371 556 501 622; x_wconf 82' lang='lat' dir='ltr'>uomina</span> <span class='ocrx_word' id='word_1_23' title='bbox 524 555 565 621; x_wconf 79' lang='lat' dir='ltr'>sit</span> <span class='ocrx_word' id='word_1_24' title='bbox 584 554 754 639; x_wconf 82' lang='lat' dir='ltr'>indignes,</span> <span class='ocrx_word' id='word_1_25' title='bbox 775 573 839 620; x_wconf 89' lang='lat' dir='ltr'><strong>non</strong></span> <span class='ocrx_word' id='word_1_26' title='bbox 865 551 1055 638; x_wconf 71' lang='lat' dir='ltr'>putavetim.</span> <span class='ocrx_word' id='word_1_27' title='bbox 1098 551 1139 616; x_wconf 87' lang='lat' dir='ltr'><strong>Id</strong></span> <span class='ocrx_word' id='word_1_28' title='bbox 1162 551 1246 617; x_wconf 88' lang='lat' dir='ltr'>enim</span> <span class='ocrx_word' id='word_1_29' title='bbox 1352 589 1356 602; x_wconf 89' lang='lat'><em>·</em></span> 
     </span>
    </p>
   </div>
   <div class='ocr_carea' id='block_1_4' title="bbox 61 652 1336 1974">
    <p class='ocr_par' dir='ltr' id='par_1_4' title="bbox 61 652 1336 1974">
     <span class='ocr_line' id='line_1_5' title="bbox 61 652 1246 742; baseline -0.007 -16"><span class='ocrx_word' id='word_1_30' title='bbox 61 660 94 726; x_wconf 86' lang='lat' dir='ltr'><strong>in</strong></span> <span class='ocrx_word' id='word_1_31' title='bbox 126 671 266 732; x_wconf 83' lang='grc'><strong>6666666</strong></span> <span class='ocrx_word' id='word_1_32' title='bbox 287 663 430 736; x_wconf 72' lang='lat' dir='ltr'>veterum</span> <span class='ocrx_word' id='word_1_33' title='bbox 452 658 645 742; x_wconf 77' lang='lat' dir='ltr'>scriptorum</span> <span class='ocrx_word' id='word_1_34' title='bbox 670 657 846 725; x_wconf 77' lang='lat' dir='ltr'>canendum</span> <span class='ocrx_word' id='word_1_35' title='bbox 869 675 940 721; x_wconf 74' lang='lat' dir='ltr'><strong>ame</strong></span> <span class='ocrx_word' id='word_1_36' title='bbox 961 653 1062 720; x_wconf 75' lang='lat' dir='ltr'>Jacob</span> <span class='ocrx_word' id='word_1_37' title='bbox 1090 673 1149 720; x_wconf 88' lang='lat' dir='ltr'>suo</span> <span class='ocrx_word' id='word_1_38' title='bbox 1176 652 1246 718; x_wconf 84' lang='lat' dir='ltr'>iure</span> 
     </span>
     <span class='ocr_line' id='line_1_6' title="bbox 61 756 1241 844; baseline -0.005 -16"><span class='ocrx_word' id='word_1_39' title='bbox 61 767 189 844; x_wconf 81' lang='lat' dir='ltr'>mouet,</span> <span class='ocrx_word' id='word_1_40' title='bbox 221 781 263 827; x_wconf 81' lang='lat' dir='ltr'><strong>ne</strong></span> <span class='ocrx_word' id='word_1_41' title='bbox 294 767 438 828; x_wconf 82' lang='lat' dir='ltr'>nostram</span> <span class='ocrx_word' id='word_1_42' title='bbox 462 761 621 826; x_wconf 82' lang='lat' dir='ltr'>sentiendi</span> <span class='ocrx_word' id='word_1_43' title='bbox 644 763 810 828; x_wconf 79' lang='lat' dir='ltr'>&#39;rationem</span> <span class='ocrx_word' id='word_1_44' title='bbox 838 763 1049 842; x_wconf 85' lang='lat' dir='ltr'>nostrumque</span> <span class='ocrx_word' id='word_1_45' title='bbox 1078 756 1241 842; x_wconf 79' lang='lat' dir='ltr'>cogitandi</span> 
     </span>
     <span class='ocr_line' id='line_1_7' title="bbox 63 859 1248 949; baseline -0.004 -19"><span class='ocrx_word' id='word_1_46' title='bbox 63 883 196 944; x_wconf 83' lang='lat' dir='ltr'>morsm,</span> <span class='ocrx_word' id='word_1_47' title='bbox 221 863 305 949; x_wconf 81' lang='lat' dir='ltr'>quod</span> <span class='ocrx_word' id='word_1_48' title='bbox 325 864 359 930; x_wconf 90' lang='lat' dir='ltr'><strong>in</strong></span> <span class='ocrx_word' id='word_1_49' title='bbox 380 863 502 930; x_wconf 85' lang='lat' dir='ltr'>talibus</span> <span class='ocrx_word' id='word_1_50' title='bbox 522 861 629 932; x_wconf 73' lang='lat' dir='ltr'>verbis</span> <span class='ocrx_word' id='word_1_51' title='bbox 650 861 975 948; x_wconf 85' lang='lat' dir='ltr'>saepissimefactum</span> <span class='ocrx_word' id='word_1_52' title='bbox 989 862 1039 942; x_wconf 76' lang='grc'><strong>666,</strong></span> <span class='ocrx_word' id='word_1_53' title='bbox 1061 863 1108 928; x_wconf 79' lang='lat' dir='ltr'><strong>eis</strong></span> <span class='ocrx_word' id='word_1_54' title='bbox 1130 859 1248 926; x_wconf 87' lang='lat' dir='ltr'>iniera-</span> 
     </span>
     <span class='ocr_line' id='line_1_8' title="bbox 62 965 1248 1050; baseline -0.004 -17"><span class='ocrx_word' id='word_1_55' title='bbox 62 987 142 1048; x_wconf 72' lang='lat' dir='ltr'>mus</span> <span class='ocrx_word' id='word_1_56' title='bbox 165 969 248 1034; x_wconf 72' lang='lat' dir='ltr'>neve</span> <span class='ocrx_word' id='word_1_57' title='bbox 260 969 463 1033; x_wconf 82' lang='lat' dir='ltr'>immemores</span> <span class='ocrx_word' id='word_1_58' title='bbox 479 967 586 1046; x_wconf 83' lang='lat' dir='ltr'>simus,</span> <span class='ocrx_word' id='word_1_59' title='bbox 610 987 693 1050; x_wconf 90' lang='lat' dir='ltr'>quae</span> <span class='ocrx_word' id='word_1_60' title='bbox 708 969 747 1032; x_wconf 86' lang='lat' dir='ltr'><strong>de</strong></span> <span class='ocrx_word' id='word_1_61' title='bbox 762 965 859 1032; x_wconf 85' lang='lat' dir='ltr'>rebus</span> <span class='ocrx_word' id='word_1_62' title='bbox 873 965 1021 1031; x_wconf 70' lang='lat' dir='ltr'>ienensis</span> <span class='ocrx_word' id='word_1_63' title='bbox 1042 967 1077 1030; x_wconf 89' lang='lat' dir='ltr'><strong>in</strong></span> <span class='ocrx_word' id='word_1_64' title='bbox 1098 981 1248 1034; x_wconf 87' lang='lat' dir='ltr'>sermone</span> 
     </span>
     <span class='ocr_line' id='line_1_9' title="bbox 63 1067 1248 1136; baseline 0 0"><span class='ocrx_word' id='word_1_65' title='bbox 63 1071 229 1136; x_wconf 84' lang='lat' dir='ltr'>cotidiano</span> <span class='ocrx_word' id='word_1_66' title='bbox 250 1069 419 1135; x_wconf 78' lang='lat' dir='ltr'><strong>Gallorum</strong></span> <span class='ocrx_word' id='word_1_67' title='bbox 442 1073 474 1133; x_wconf 81' lang='lat' dir='ltr'><strong>et</strong></span> <span class='ocrx_word' id='word_1_68' title='bbox 496 1068 653 1134; x_wconf 79' lang='lat' dir='ltr'>Itsionum</span> <span class='ocrx_word' id='word_1_69' title='bbox 674 1067 769 1134; x_wconf 79' lang='lat' dir='ltr'>hodie</span> <span class='ocrx_word' id='word_1_70' title='bbox 798 1067 906 1133; x_wconf 78' lang='lat' dir='ltr'>adbuc</span> <span class='ocrx_word' id='word_1_71' title='bbox 932 1067 1105 1133; x_wconf 72' lang='lat' dir='ltr'>audiantur</span> <span class='ocrx_word' id='word_1_72' title='bbox 1127 1067 1248 1136; x_wconf 74' lang='lat' dir='ltr'>sivein</span> 
     </span>
     <span class='ocr_line' id='line_1_10' title="bbox 67 1169 1249 1255; baseline -0.003 -16"><span class='ocrx_word' id='word_1_73' title='bbox 67 1175 211 1239; x_wconf 84' lang='lat' dir='ltr'>carmine</span> <span class='ocrx_word' id='word_1_74' title='bbox 234 1173 354 1238; x_wconf 80' lang='lat' dir='ltr'>An‘osti</span> <span class='ocrx_word' id='word_1_75' title='bbox 376 1171 558 1254; x_wconf 81' lang='lat' dir='ltr'>fabulisque</span> <span class='ocrx_word' id='word_1_76' title='bbox 580 1169 737 1237; x_wconf 86' lang='lat' dir='ltr'>Rocoacei·</span> <span class='ocrx_word' id='word_1_77' title='bbox 755 1171 957 1255; x_wconf 52' lang='grc'><strong>16666661).</strong></span> <span class='ocrx_word' id='word_1_78' title='bbox 994 1169 1117 1235; x_wconf 78' lang='lat' dir='ltr'>Deinde</span> <span class='ocrx_word' id='word_1_79' title='bbox 1139 1189 1249 1252; x_wconf 87' lang='lat' dir='ltr'>quam·</span> 
     </span>
     <span class='ocr_line' id='line_1_11' title="bbox 65 1271 1250 1360; baseline -0.002 -22"><span class='ocrx_word' id='word_1_80' title='bbox 65 1287 163 1360; x_wconf 83' lang='lat' dir='ltr'>qnam</span> <span class='ocrx_word' id='word_1_81' title='bbox 193 1295 215 1340; x_wconf 86' lang='lat' dir='ltr'>a</span> <span class='ocrx_word' id='word_1_82' title='bbox 237 1293 362 1340; x_wconf 77' lang='lat' dir='ltr'>monum</span> <span class='ocrx_word' id='word_1_83' title='bbox 383 1273 573 1357; x_wconf 80' lang='lat' dir='ltr'>integritate</span> <span class='ocrx_word' id='word_1_84' title='bbox 601 1273 714 1358; x_wconf 83' lang='lat' dir='ltr'>pnoonl</span> <span class='ocrx_word' id='word_1_85' title='bbox 735 1273 849 1339; x_wconf 85' lang='lat' dir='ltr'>abesse</span> <span class='ocrx_word' id='word_1_86' title='bbox 871 1291 945 1336; x_wconf 87' lang='lat' dir='ltr'><strong>eum</strong></span> <span class='ocrx_word' id='word_1_87' title='bbox 967 1273 1171 1352; x_wconf 68' lang='lat' dir='ltr'>arbitramur,</span> <span class='ocrx_word' id='word_1_88' title='bbox 1195 1271 1250 1356; x_wconf 91' lang='lat' dir='ltr'><strong>qui</strong></span> 
     </span>
     <span class='ocr_line' id='line_1_12' title="bbox 64 1375 1249 1460; baseline -0.004 -17"><span class='ocrx_word' id='word_1_89' title='bbox 64 1377 164 1460; x_wconf 79' lang='lat' dir='ltr'>rebus</span> <span class='ocrx_word' id='word_1_90' title='bbox 193 1377 342 1460; x_wconf 80' lang='lat' dir='ltr'><strong>turpibus</strong></span> <span class='ocrx_word' id='word_1_91' title='bbox 369 1375 478 1441; x_wconf 77' lang='grc'><strong>66166·</strong></span> <span class='ocrx_word' id='word_1_92' title='bbox 489 1376 682 1457; x_wconf 84' lang='lat' dir='ltr'>delectetur,</span> <span class='ocrx_word' id='word_1_93' title='bbox 717 1381 828 1442; x_wconf 84' lang='grc'><strong>666666</strong></span> <span class='ocrx_word' id='word_1_94' title='bbox 856 1395 960 1459; x_wconf 87' lang='lat' dir='ltr'>neque</span> <span class='ocrx_word' id='word_1_95' title='bbox 989 1376 1073 1441; x_wconf 85' lang='grc'><strong>6666</strong></span> <span class='ocrx_word' id='word_1_96' title='bbox 1097 1380 1249 1442; x_wconf 85' lang='grc'><strong>66666666</strong></span> 
     </span>
     <span class='ocr_line' id='line_1_13' title="bbox 66 1471 1249 1564; baseline -0.003 -20"><span class='ocrx_word' id='word_1_97' title='bbox 66 1499 173 1564; x_wconf 88' lang='lat' dir='ltr'>neque</span> <span class='ocrx_word' id='word_1_98' title='bbox 197 1479 279 1545; x_wconf 86' lang='lat' dir='ltr'>asini</span> <span class='ocrx_word' id='word_1_99' title='bbox 301 1479 489 1562; x_wconf 70' lang='lat' dir='ltr'><strong>scriptorem</strong></span> <span class='ocrx_word' id='word_1_100' title='bbox 512 1471 645 1562; x_wconf 81' lang='lat' dir='ltr'>propter</span> <span class='ocrx_word' id='word_1_101' title='bbox 668 1480 771 1545; x_wconf 90' lang='lat' dir='ltr'>solum</span> <span class='ocrx_word' id='word_1_102' title='bbox 796 1477 912 1546; x_wconf 69' lang='lat' dir='ltr'><strong>¹lascivi</strong></span> <span class='ocrx_word' id='word_1_103' title='bbox 940 1477 1100 1543; x_wconf 80' lang='lat' dir='ltr'>sermonis</span> <span class='ocrx_word' id='word_1_104' title='bbox 1126 1477 1249 1554; x_wconf 83' lang='lat' dir='ltr'>ocimeu</span> 
     </span>
     <span class='ocr_line' id='line_1_14' title="bbox 69 1575 1336 1665; baseline -0.004 -17"><span class='ocrx_word' id='word_1_105' title='bbox 69 1583 284 1648; x_wconf 84' lang='lat' dir='ltr'>condemnere</span> <span class='ocrx_word' id='word_1_106' title='bbox 313 1601 494 1665; x_wconf 87' lang='lat' dir='ltr'>possumus,</span> <span class='ocrx_word' id='word_1_107' title='bbox 531 1599 601 1646; x_wconf 89' lang='lat' dir='ltr'><strong>cum</strong></span> <span class='ocrx_word' id='word_1_108' title='bbox 631 1581 753 1665; x_wconf 87' lang='lat' dir='ltr'>aliquid</span> <span class='ocrx_word' id='word_1_109' title='bbox 780 1581 847 1646; x_wconf 81' lang='lat' dir='ltr'>veri</span> <span class='ocrx_word' id='word_1_110' title='bbox 874 1581 952 1646; x_wconf 85' lang='lat' dir='ltr'>insit</span> <span class='ocrx_word' id='word_1_111' title='bbox 976 1582 1011 1646; x_wconf 89' lang='lat' dir='ltr'><strong>in</strong></span> <span class='ocrx_word' id='word_1_112' title='bbox 1038 1579 1100 1645; x_wconf 91' lang='lat' dir='ltr'><strong>hoc</strong></span> <span class='ocrx_word' id='word_1_113' title='bbox 1130 1575 1249 1645; x_wconf 80' lang='grc'><strong>066616</strong></span> <span class='ocrx_word' id='word_1_114' title='bbox 1334 1610 1336 1613; x_wconf 89' lang='grc'><em>·</em></span> 
     </span>
     <span class='ocr_line' id='line_1_15' title="bbox 67 1681 1247 1767; baseline -0.004 -17"><span class='ocrx_word' id='word_1_115' title='bbox 67 1685 169 1750; x_wconf 83' lang='lat' dir='ltr'>dicto:</span> <span class='ocrx_word' id='word_1_116' title='bbox 204 1685 308 1750; x_wconf 79' lang='grc'><strong>06666.</strong></span> <span class='ocrx_word' id='word_1_117' title='bbox 335 1689 382 1762; x_wconf 82' lang='grc'><strong>16,</strong></span> <span class='ocrx_word' id='word_1_118' title='bbox 406 1689 506 1748; x_wconf 77' lang='grc' dir='ltr'><strong>5--6ι</strong></span> <span class='ocrx_word' id='word_1_119' title='bbox 540 1683 622 1749; x_wconf 82' lang='lat' dir='ltr'><strong>Nam</strong></span> <span class='ocrx_word' id='word_1_120' title='bbox 638 1689 709 1750; x_wconf 90' lang='grc'><strong>6666</strong></span> <span class='ocrx_word' id='word_1_121' title='bbox 709 1705 762 1748; x_wconf 90' lang='lat' dir='ltr'><strong>um</strong></span> <span class='ocrx_word' id='word_1_122' title='bbox 786 1703 857 1748; x_wconf 86' lang='lat' dir='ltr'>esse</span> <span class='ocrx_word' id='word_1_123' title='bbox 871 1681 967 1762; x_wconf 80' lang='lat' dir='ltr'>decet</span> <span class='ocrx_word' id='word_1_124' title='bbox 980 1687 1109 1767; x_wconf 85' lang='lat' dir='ltr'>poetam</span> <span class='ocrx_word' id='word_1_125' title='bbox 1130 1681 1247 1766; x_wconf 82' lang='lat' dir='ltr'>Ipsum,</span> 
     </span>
     <span class='ocr_line' id='line_1_16' title="bbox 67 1783 1250 1897; baseline -0.004 -43"><span class='ocrx_word' id='word_1_126' title='bbox 67 1787 246 1854; x_wconf 86' lang='lat' dir='ltr'>versiculos</span> <span class='ocrx_word' id='word_1_127' title='bbox 272 1785 353 1852; x_wconf 83' lang='lat' dir='ltr'>nibil</span> <span class='ocrx_word' id='word_1_128' title='bbox 374 1789 510 1851; x_wconf 85' lang='lat' dir='ltr'>neeesse</span> <span class='ocrx_word' id='word_1_129' title='bbox 536 1791 595 1855; x_wconf 86' lang='lat' dir='ltr'><strong>est</strong></span> <span class='ocrx_word' id='word_1_130' title='bbox 638 1787 745 1882; x_wconf 81' lang='lat' dir='ltr'>Etiam</span> <span class='ocrx_word' id='word_1_131' title='bbox 767 1783 995 1897; x_wconf 81' lang='lat' dir='ltr'>Wielaudium,</span> <span class='ocrx_word' id='word_1_132' title='bbox 1022 1789 1088 1851; x_wconf 82' lang='lat' dir='ltr'>&#39;test</span> <span class='ocrx_word' id='word_1_133' title='bbox 1089 1805 1139 1850; x_wconf 91' lang='lat' dir='ltr'><strong>em</strong></span> <span class='ocrx_word' id='word_1_134' title='bbox 1165 1785 1250 1850; x_wconf 76' lang='lat' dir='ltr'>loom</span> 
     </span>
     <span class='ocr_line' id='line_1_17' title="bbox 68 1863 1249 1974; baseline -0.003 -21"><span class='ocrx_word' id='word_1_135' title='bbox 68 1890 291 1974; x_wconf 85' lang='lat' dir='ltr'>pletissimum,</span> <span class='ocrx_word' id='word_1_136' title='bbox 315 1888 435 1954; x_wconf 87' lang='lat' dir='ltr'>auxilio</span> <span class='ocrx_word' id='word_1_137' title='bbox 458 1888 537 1953; x_wconf 92' lang='lat' dir='ltr'>mihi</span> <span class='ocrx_word' id='word_1_138' title='bbox 558 1907 674 1954; x_wconf 87' lang='lat' dir='ltr'>vocare</span> <span class='ocrx_word' id='word_1_139' title='bbox 690 1863 828 1974; x_wconf 69' lang='lat' dir='ltr'>possum,</span> <span class='ocrx_word' id='word_1_140' title='bbox 852 1889 908 1972; x_wconf 87' lang='lat' dir='ltr'><strong>qui</strong></span> <span class='ocrx_word' id='word_1_141' title='bbox 929 1888 971 1953; x_wconf 85' lang='lat' dir='ltr'><strong>de</strong></span> <span class='ocrx_word' id='word_1_142' title='bbox 994 1907 1034 1954; x_wconf 86' lang='lat' dir='ltr'><strong>es</strong></span> <span class='ocrx_word' id='word_1_143' title='bbox 1055 1908 1092 1954; x_wconf 88' lang='grc'><strong>66</strong></span> <span class='ocrx_word' id='word_1_144' title='bbox 1111 1885 1249 1974; x_wconf 57' lang='grc'><strong>66666).</strong></span> 
     </span>
    </p>
   </div>
   <div class='ocr_carea' id='block_1_5' title="bbox 68 1985 1363 2076">
    <p class='ocr_par' dir='ltr' id='par_1_5' title="bbox 68 1985 1363 2076">
     <span class='ocr_line' id='line_1_18' title="bbox 68 1985 1363 2076; baseline -0.003 -18"><span class='ocrx_word' id='word_1_145' title='bbox 68 1989 179 2058; x_wconf 84' lang='lat' dir='ltr'>Salbst</span> <span class='ocrx_word' id='word_1_146' title='bbox 200 1992 258 2057; x_wconf 83' lang='lat' dir='ltr'><strong>der</strong></span> <span class='ocrx_word' id='word_1_147' title='bbox 279 1990 448 2071; x_wconf 86' lang='lat' dir='ltr'>Umstend‚</span> <span class='ocrx_word' id='word_1_148' title='bbox 471 1985 548 2058; x_wconf 85' lang='lat' dir='ltr'>dass</span> <span class='ocrx_word' id='word_1_149' title='bbox 569 1991 767 2076; x_wconf 79' lang='lat' dir='ltr'>unniiehfige</span> <span class='ocrx_word' id='word_1_150' title='bbox 778 1991 888 2057; x_wconf 87' lang='lat' dir='ltr'>Reden</span> <span class='ocrx_word' id='word_1_151' title='bbox 909 1991 975 2056; x_wconf 93' lang='lat' dir='ltr'><strong>und</strong></span> <span class='ocrx_word' id='word_1_152' title='bbox 989 1989 1039 2056; x_wconf 87' lang='grc'><strong>866</strong></span> <span class='ocrx_word' id='word_1_153' title='bbox 1039 1989 1226 2056; x_wconf 84' lang='grc'><strong>6666666</strong></span> <span class='ocrx_word' id='word_1_154' title='bbox 1215 2011 1250 2055; x_wconf 90' lang='lat' dir='ltr'><strong>ln</strong></span> <span class='ocrx_word' id='word_1_155' title='bbox 1358 2063 1363 2074; x_wconf 35' lang='grc' dir='ltr'>Ι</span> 
     </span>
    </p>
   </div>
   <div class='ocr_carea' id='block_1_6' title="bbox 66 2091 1347 4230">
    <p class='ocr_par' dir='ltr' id='par_1_6' title="bbox 66 2091 1347 4230">
     <span class='ocr_line' id='line_1_19' title="bbox 69 2091 1248 2174; baseline -0.003 -14"><span class='ocrx_word' id='word_1_156' title='bbox 69 2094 185 2160; x_wconf 84' lang='lat' dir='ltr'>beiden</span> <span class='ocrx_word' id='word_1_157' title='bbox 209 2093 357 2174; x_wconf 86' lang='grc'><strong>8666666,</strong></span> <span class='ocrx_word' id='word_1_158' title='bbox 380 2094 438 2160; x_wconf 87' lang='lat' dir='ltr'><strong>des</strong></span> <span class='ocrx_word' id='word_1_159' title='bbox 460 2095 580 2160; x_wconf 86' lang='lat' dir='ltr'>Lucius</span> <span class='ocrx_word' id='word_1_160' title='bbox 599 2117 634 2160; x_wconf 68' lang='lat' dir='ltr'><strong>v:</strong></span> <span class='ocrx_word' id='word_1_161' title='bbox 650 2095 769 2162; x_wconf 86' lang='lat' dir='ltr'>Patrae</span> <span class='ocrx_word' id='word_1_162' title='bbox 797 2093 865 2160; x_wconf 85' lang='lat' dir='ltr'><strong>und</strong></span> <span class='ocrx_word' id='word_1_163' title='bbox 891 2093 1046 2168; x_wconf 67' lang='lat' dir='ltr'>Lukians,</span> <span class='ocrx_word' id='word_1_164' title='bbox 1065 2091 1248 2172; x_wconf 79' lang='grc'><strong>66666666,</strong></span> 
     </span>
     <span class='ocr_line' id='line_1_20' title="bbox 69 2194 1250 2281; baseline -0.002 -19"><span class='ocrx_word' id='word_1_165' title='bbox 69 2197 207 2281; x_wconf 77' lang='grc'><strong>6666666</strong></span> <span class='ocrx_word' id='word_1_166' title='bbox 229 2195 282 2261; x_wconf 72' lang='grc'><strong>666</strong></span> <span class='ocrx_word' id='word_1_167' title='bbox 303 2197 354 2262; x_wconf 89' lang='lat' dir='ltr'><strong>die</strong></span> <span class='ocrx_word' id='word_1_168' title='bbox 377 2195 585 2262; x_wconf 79' lang='grc'><strong>6666666666</strong></span> <span class='ocrx_word' id='word_1_169' title='bbox 605 2195 664 2262; x_wconf 80' lang='lat' dir='ltr'><strong>des</strong></span> <span class='ocrx_word' id='word_1_170' title='bbox 680 2197 816 2276; x_wconf 73' lang='lat' dir='ltr'>Luciam</span> <span class='ocrx_word' id='word_1_171' title='bbox 838 2196 926 2262; x_wconf 89' lang='lat' dir='ltr'>sclcb</span> <span class='ocrx_word' id='word_1_172' title='bbox 949 2195 1001 2260; x_wconf 90' lang='lat' dir='ltr'><strong>ein</strong></span> <span class='ocrx_word' id='word_1_173' title='bbox 1017 2194 1250 2260; x_wconf 80' lang='lat' dir='ltr'>Subsisteteller</span> 
     </span>
     <span class='ocr_line' id='line_1_21' title="bbox 68 2295 1248 2384; baseline 0 -21"><span class='ocrx_word' id='word_1_174' title='bbox 68 2299 163 2363; x_wconf 83' lang='grc'><strong>66666</strong></span> <span class='ocrx_word' id='word_1_175' title='bbox 181 2299 267 2364; x_wconf 61' lang='lat' dir='ltr'>wohl*</span> <span class='ocrx_word' id='word_1_176' title='bbox 278 2300 337 2366; x_wconf 86' lang='lat' dir='ltr'><strong>der</strong></span> <span class='ocrx_word' id='word_1_177' title='bbox 352 2299 564 2384; x_wconf 84' lang='lat' dir='ltr'>Versuebung</span> <span class='ocrx_word' id='word_1_178' title='bbox 577 2299 779 2383; x_wconf 78' lang='lat' dir='ltr'>unterliegen</span> <span class='ocrx_word' id='word_1_179' title='bbox 799 2299 936 2373; x_wconf 84' lang='grc'><strong>666666,</strong></span> <span class='ocrx_word' id='word_1_180' title='bbox 957 2297 1148 2382; x_wconf 81' lang='lat' dir='ltr'>nweideufig</span> <span class='ocrx_word' id='word_1_181' title='bbox 1169 2295 1248 2363; x_wconf 82' lang='lat' dir='ltr'>slie-</span> 
     </span>
     <span class='ocr_line' id='line_1_22' title="bbox 71 2399 1250 2485; baseline 0.001 -20"><span class='ocrx_word' id='word_1_182' title='bbox 71 2399 241 2485; x_wconf 80' lang='lat' dir='ltr'>gorisehen</span> <span class='ocrx_word' id='word_1_183' title='bbox 256 2401 339 2468; x_wconf 84' lang='lat' dir='ltr'>Witz</span> <span class='ocrx_word' id='word_1_184' title='bbox 362 2402 580 2485; x_wconf 75' lang='lat' dir='ltr'>annuboingen</span> <span class='ocrx_word' id='word_1_185' title='bbox 600 2402 668 2466; x_wconf 86' lang='lat' dir='ltr'><strong>und</strong></span> <span class='ocrx_word' id='word_1_186' title='bbox 682 2401 984 2485; x_wconf 82' lang='lat' dir='ltr'>Ausschweibmgen</span> <span class='ocrx_word' id='word_1_187' title='bbox 1003 2399 1105 2466; x_wconf 88' lang='lat' dir='ltr'>bober</span> <span class='ocrx_word' id='word_1_188' title='bbox 1126 2399 1250 2466; x_wconf 81' lang='lat' dir='ltr'>Damon</span> 
     </span>
     <span class='ocr_line' id='line_1_23' title="bbox 66 2501 1251 2590; baseline -0.002 -21"><span class='ocrx_word' id='word_1_189' title='bbox 66 2504 270 2570; x_wconf 84' lang='grc'><strong>6666666666</strong></span> <span class='ocrx_word' id='word_1_190' title='bbox 293 2503 524 2583; x_wconf 73' lang='grc'><strong>666666666666</strong></span> <span class='ocrx_word' id='word_1_191' title='bbox 553 2504 632 2568; x_wconf 84' lang='lat' dir='ltr'>eber</span> <span class='ocrx_word' id='word_1_192' title='bbox 661 2505 772 2590; x_wconf 84' lang='lat' dir='ltr'>gewiss</span> <span class='ocrx_word' id='word_1_193' title='bbox 799 2502 908 2568; x_wconf 80' lang='grc'><strong>66666</strong></span> <span class='ocrx_word' id='word_1_194' title='bbox 935 2522 971 2566; x_wconf 88' lang='grc'><strong>66</strong></span> <span class='ocrx_word' id='word_1_195' title='bbox 992 2501 1061 2566; x_wconf 89' lang='lat' dir='ltr'>sich</span> <span class='ocrx_word' id='word_1_196' title='bbox 1084 2501 1251 2584; x_wconf 76' lang='lat' dir='ltr'>gesebitmt</span> 
     </span>
     <span class='ocr_line' id='line_1_24' title="bbox 69 2595 1250 2690; baseline -0.002 -18"><span class='ocrx_word' id='word_1_197' title='bbox 69 2607 192 2687; x_wconf 90' lang='grc'><strong>66666,</strong></span> <span class='ocrx_word' id='word_1_198' title='bbox 221 2607 291 2672; x_wconf 88' lang='lat' dir='ltr'>sich</span> <span class='ocrx_word' id='word_1_199' title='bbox 317 2606 371 2670; x_wconf 77' lang='lat' dir='ltr'><strong>fiir</strong></span> <span class='ocrx_word' id='word_1_200' title='bbox 397 2606 542 2672; x_wconf 82' lang='lat' dir='ltr'>bemdeu</span> <span class='ocrx_word' id='word_1_201' title='bbox 565 2595 899 2690; x_wconf 56' lang='lat' dir='ltr'>Witzfiom&#39;plimeute</span> <span class='ocrx_word' id='word_1_202' title='bbox 925 2595 1062 2669; x_wconf 76' lang='grc'><strong>6666666</strong></span> <span class='ocrx_word' id='word_1_203' title='bbox 1082 2603 1250 2670; x_wconf 86' lang='grc'><strong>66166666</strong></span> 
     </span>
     <span class='ocr_line' id='line_1_25' title="bbox 69 2697 1260 2792; baseline -0.003 -18"><span class='ocrx_word' id='word_1_204' title='bbox 69 2707 144 2775; x_wconf 72' lang='grc'><strong>666</strong></span> <span class='ocrx_word' id='word_1_205' title='bbox 161 2709 316 2775; x_wconf 76' lang='grc'><strong>66666666</strong></span> <span class='ocrx_word' id='word_1_206' title='bbox 343 2707 449 2774; x_wconf 77' lang='lat' dir='ltr'>dieser</span> <span class='ocrx_word' id='word_1_207' title='bbox 470 2711 531 2775; x_wconf 83' lang='lat' dir='ltr'><strong>Ant</strong></span> <span class='ocrx_word' id='word_1_208' title='bbox 558 2730 619 2776; x_wconf 89' lang='lat' dir='ltr'><strong>von</strong></span> <span class='ocrx_word' id='word_1_209' title='bbox 647 2711 749 2776; x_wconf 87' lang='lat' dir='ltr'>einom</span> <span class='ocrx_word' id='word_1_210' title='bbox 771 2707 897 2773; x_wconf 85' lang='lat' dir='ltr'>andern</span> <span class='ocrx_word' id='word_1_211' title='bbox 923 2697 1144 2790; x_wconf 82' lang='lat' dir='ltr'>abmcopiren.</span> <span class='ocrx_word' id='word_1_212' title='bbox 1185 2705 1260 2792; x_wconf 71' lang='lat' dir='ltr'><strong>Pee-¹</strong></span> 
     </span>
     <span class='ocr_line' id='line_1_26' title="bbox 70 2809 1334 2897; baseline -0.002 -19"><span class='ocrx_word' id='word_1_213' title='bbox 70 2813 214 2878; x_wconf 72' lang='lat' dir='ltr'><strong>ctissime</strong></span> <span class='ocrx_word' id='word_1_214' title='bbox 236 2811 314 2878; x_wconf 87' lang='lat' dir='ltr'>mibi</span> <span class='ocrx_word' id='word_1_215' title='bbox 330 2811 574 2880; x_wconf 83' lang='lat' dir='ltr'>Sommeubrodt</span> <span class='ocrx_word' id='word_1_216' title='bbox 594 2815 641 2896; x_wconf 90' lang='lat' dir='ltr'><strong>(in</strong></span> <span class='ocrx_word' id='word_1_217' title='bbox 662 2810 764 2897; x_wconf 81' lang='lat' dir='ltr'>peaes.</span> <span class='ocrx_word' id='word_1_218' title='bbox 787 2833 818 2896; x_wconf 87' lang='lat' dir='ltr'><strong>p.</strong></span> <span class='ocrx_word' id='word_1_219' title='bbox 840 2809 922 2892; x_wconf 81' lang='lat' dir='ltr'><strong>XV.)</strong></span> <span class='ocrx_word' id='word_1_220' title='bbox 942 2829 1007 2876; x_wconf 90' lang='grc'><strong>666</strong></span> <span class='ocrx_word' id='word_1_221' title='bbox 1028 2809 1144 2890; x_wconf 74' lang='lat' dir='ltr'>omnia</span> <span class='ocrx_word' id='word_1_222' title='bbox 1168 2829 1251 2895; x_wconf 86' lang='lat' dir='ltr'>quae</span> <span class='ocrx_word' id='word_1_223' title='bbox 1333 2872 1334 2876; x_wconf 73' lang='grc'><strong>,</strong></span> 
     </span>
     <span class='ocr_line' id='line_1_27' title="bbox 70 2907 1251 2999; baseline -0.001 -18"><span class='ocrx_word' id='word_1_224' title='bbox 70 2915 229 2981; x_wconf 82' lang='lat' dir='ltr'>obscoene</span> <span class='ocrx_word' id='word_1_225' title='bbox 265 2915 385 2980; x_wconf 83' lang='lat' dir='ltr'>lascive</span> <span class='ocrx_word' id='word_1_226' title='bbox 418 2916 557 2999; x_wconf 81' lang='lat' dir='ltr'>turpiter</span> <span class='ocrx_word' id='word_1_227' title='bbox 592 2915 681 2982; x_wconf 83' lang='lat' dir='ltr'>dicta</span> <span class='ocrx_word' id='word_1_228' title='bbox 713 2915 795 2992; x_wconf 85' lang='lat' dir='ltr'>sint,</span> <span class='ocrx_word' id='word_1_229' title='bbox 835 2912 893 2977; x_wconf 79' lang='lat' dir='ltr'><strong>sed</strong></span> <span class='ocrx_word' id='word_1_230' title='bbox 927 2907 1084 2998; x_wconf 78' lang='lat' dir='ltr'>quidquid</span> <span class='ocrx_word' id='word_1_231' title='bbox 1111 2913 1251 2989; x_wconf 74' lang='lat' dir='ltr'>infacete</span> 
     </span>
     <span class='ocr_line' id='line_1_28' title="bbox 69 3001 1252 3100; baseline 0 -19"><span class='ocrx_word' id='word_1_232' title='bbox 69 3015 272 3100; x_wconf 71' lang='lat' dir='ltr'>ineleganter</span> <span class='ocrx_word' id='word_1_233' title='bbox 292 3015 455 3082; x_wconf 79' lang='lat' dir='ltr'>incondite</span> <span class='ocrx_word' id='word_1_234' title='bbox 475 3022 643 3084; x_wconf 80' lang='grc'><strong>66666666</strong></span> <span class='ocrx_word' id='word_1_235' title='bbox 669 3017 724 3095; x_wconf 88' lang='lat' dir='ltr'>sit,</span> <span class='ocrx_word' id='word_1_236' title='bbox 748 3014 889 3080; x_wconf 79' lang='lat' dir='ltr'>Lucieno</span> <span class='ocrx_word' id='word_1_237' title='bbox 910 3015 1083 3083; x_wconf 78' lang='lat' dir='ltr'>inbuenda</span> <span class='ocrx_word' id='word_1_238' title='bbox 1104 3035 1177 3082; x_wconf 86' lang='lat' dir='ltr'>esse</span> <span class='ocrx_word' id='word_1_239' title='bbox 1193 3001 1252 3082; x_wconf 72' lang='grc'><strong>66</strong></span> 
     </span>
     <span class='ocr_line' id='line_1_29' title="bbox 70 3117 1253 3204; baseline -0.002 -18"><span class='ocrx_word' id='word_1_240' title='bbox 70 3124 137 3203; x_wconf 79' lang='lat' dir='ltr'>gat.</span> <span class='ocrx_word' id='word_1_241' title='bbox 182 3117 310 3204; x_wconf 81' lang='lat' dir='ltr'>Itaque,</span> <span class='ocrx_word' id='word_1_242' title='bbox 338 3124 377 3185; x_wconf 88' lang='grc'><strong>66</strong></span> <span class='ocrx_word' id='word_1_243' title='bbox 398 3119 487 3187; x_wconf 77' lang='lat' dir='ltr'>breui</span> <span class='ocrx_word' id='word_1_244' title='bbox 509 3119 626 3200; x_wconf 78' lang='lat' dir='ltr'>disum,</span> <span class='ocrx_word' id='word_1_245' title='bbox 655 3119 742 3184; x_wconf 81' lang='lat' dir='ltr'>haue</span> <span class='ocrx_word' id='word_1_246' title='bbox 760 3135 887 3202; x_wconf 85' lang='lat' dir='ltr'>quoque</span> <span class='ocrx_word' id='word_1_247' title='bbox 915 3117 1000 3182; x_wconf 79' lang='lat' dir='ltr'>iuter</span> <span class='ocrx_word' id='word_1_248' title='bbox 1021 3119 1197 3185; x_wconf 86' lang='lat' dir='ltr'>Lueiauum</span> <span class='ocrx_word' id='word_1_249' title='bbox 1220 3123 1253 3184; x_wconf 86' lang='lat' dir='ltr'><strong>et</strong></span> 
     </span>
     <span class='ocr_line' id='line_1_30' title="bbox 73 3217 1250 3308; baseline 0.001 -22"><span class='ocrx_word' id='word_1_250' title='bbox 73 3221 244 3288; x_wconf 84' lang='lat' dir='ltr'>Horatium</span> <span class='ocrx_word' id='word_1_251' title='bbox 272 3219 326 3308; x_wconf 85' lang='lat' dir='ltr'>(ef.</span> <span class='ocrx_word' id='word_1_252' title='bbox 350 3222 446 3290; x_wconf 87' lang='grc'><strong>8666.</strong></span> <span class='ocrx_word' id='word_1_253' title='bbox 470 3223 499 3301; x_wconf 91' lang='grc' dir='ltr'><strong>Ι,</strong></span> <span class='ocrx_word' id='word_1_254' title='bbox 522 3227 556 3302; x_wconf 77' lang='grc'><strong>6,</strong></span> <span class='ocrx_word' id='word_1_255' title='bbox 589 3227 623 3288; x_wconf 84' lang='lat' dir='ltr'><strong>et</strong></span> <span class='ocrx_word' id='word_1_256' title='bbox 649 3220 740 3306; x_wconf 84' lang='lat' dir='ltr'>epod.</span> <span class='ocrx_word' id='word_1_257' title='bbox 759 3218 853 3302; x_wconf 80' lang='lat' dir='ltr'>libr.)</span> <span class='ocrx_word' id='word_1_258' title='bbox 880 3217 1124 3286; x_wconf 84' lang='lat' dir='ltr'>similitudinem</span> <span class='ocrx_word' id='word_1_259' title='bbox 1150 3219 1250 3288; x_wconf 83' lang='lat' dir='ltr'>inisse</span> 
     </span>
     <span class='ocr_line' id='line_1_31' title="bbox 70 3319 1251 3408; baseline -0.001 -18"><span class='ocrx_word' id='word_1_260' title='bbox 70 3323 336 3408; x_wconf 60' lang='lat' dir='ltr'>schismacum</span> <span class='ocrx_word' id='word_1_261' title='bbox 356 3329 495 3408; x_wconf 78' lang='lat' dir='ltr'>uterque</span> <span class='ocrx_word' id='word_1_262' title='bbox 517 3327 646 3408; x_wconf 70' lang='lat' dir='ltr'>scripta</span> <span class='ocrx_word' id='word_1_263' title='bbox 669 3341 752 3408; x_wconf 86' lang='lat' dir='ltr'>quae</span> <span class='ocrx_word' id='word_1_264' title='bbox 773 3320 869 3387; x_wconf 79' lang='lat' dir='ltr'>nebus</span> <span class='ocrx_word' id='word_1_265' title='bbox 885 3319 1051 3387; x_wconf 86' lang='lat' dir='ltr'>&#39;indeconis</span> <span class='ocrx_word' id='word_1_266' title='bbox 1073 3322 1251 3402; x_wconf 82' lang='lat' dir='ltr'>abundant,</span> 
     </span>
     <span class='ocr_line' id='line_1_32' title="bbox 75 3422 1347 3511; baseline 0.001 -20"><span class='ocrx_word' id='word_1_267' title='bbox 75 3429 256 3511; x_wconf 80' lang='lat' dir='ltr'>composuit</span> <span class='ocrx_word' id='word_1_268' title='bbox 277 3427 349 3492; x_wconf 83' lang='lat' dir='ltr'><strong>oum</strong></span> <span class='ocrx_word' id='word_1_269' title='bbox 371 3425 413 3492; x_wconf 79' lang='lat' dir='ltr'>sd</span> <span class='ocrx_word' id='word_1_270' title='bbox 435 3430 637 3492; x_wconf 84' lang='lat' dir='ltr'>constantem</span> <span class='ocrx_word' id='word_1_271' title='bbox 659 3429 798 3491; x_wconf 76' lang='lat' dir='ltr'>cebetem</span> <span class='ocrx_word' id='word_1_272' title='bbox 819 3422 961 3490; x_wconf 89' lang='lat' dir='ltr'>nondum</span> <span class='ocrx_word' id='word_1_273' title='bbox 980 3425 1187 3508; x_wconf 80' lang='lat' dir='ltr'>pervenisset</span> <span class='ocrx_word' id='word_1_274' title='bbox 1344 3450 1347 3454; x_wconf 91' lang='lat'>·</span> 
     </span>
     <span class='ocr_line' id='line_1_33' title="bbox 159 3525 1252 3614; baseline -0.001 -21"><span class='ocrx_word' id='word_1_275' title='bbox 159 3527 327 3614; x_wconf 86' lang='lat' dir='ltr'>Reliquum</span> <span class='ocrx_word' id='word_1_276' title='bbox 357 3533 408 3594; x_wconf 88' lang='lat' dir='ltr'><strong>est</strong></span> <span class='ocrx_word' id='word_1_277' title='bbox 434 3533 472 3594; x_wconf 84' lang='lat' dir='ltr'><strong>ut</strong></span> <span class='ocrx_word' id='word_1_278' title='bbox 493 3527 595 3596; x_wconf 86' lang='lat' dir='ltr'>dicam</span> <span class='ocrx_word' id='word_1_279' title='bbox 619 3525 843 3613; x_wconf 83' lang='lat' dir='ltr'>decretionis</span> <span class='ocrx_word' id='word_1_280' title='bbox 868 3525 973 3591; x_wconf 85' lang='lat' dir='ltr'>forma</span> <span class='ocrx_word' id='word_1_281' title='bbox 999 3545 1020 3592; x_wconf 91' lang='grc'><strong>6</strong></span> <span class='ocrx_word' id='word_1_282' title='bbox 1048 3527 1164 3593; x_wconf 82' lang='lat' dir='ltr'>ceteris</span> <span class='ocrx_word' id='word_1_283' title='bbox 1190 3525 1252 3592; x_wconf 86' lang='lat' dir='ltr'><strong>Ln-</strong></span> 
     </span>
     <span class='ocr_line' id='line_1_34' title="bbox 74 3627 1252 3716; baseline 0.001 -19"><span class='ocrx_word' id='word_1_284' title='bbox 74 3630 159 3698; x_wconf 87' lang='lat' dir='ltr'>eiani</span> <span class='ocrx_word' id='word_1_285' title='bbox 182 3632 311 3715; x_wconf 84' lang='lat' dir='ltr'>scripfis</span> <span class='ocrx_word' id='word_1_286' title='bbox 331 3631 536 3716; x_wconf 79' lang='lat' dir='ltr'>discrepante</span> <span class='ocrx_word' id='word_1_287' title='bbox 559 3630 651 3696; x_wconf 84' lang='lat' dir='ltr'>etde</span> <span class='ocrx_word' id='word_1_288' title='bbox 672 3628 836 3695; x_wconf 82' lang='lat' dir='ltr'>inusitatis</span> <span class='ocrx_word' id='word_1_289' title='bbox 857 3627 978 3708; x_wconf 75' lang='lat' dir='ltr'>verbis,</span> <span class='ocrx_word' id='word_1_290' title='bbox 1001 3649 1083 3713; x_wconf 86' lang='lat' dir='ltr'>quae</span> <span class='ocrx_word' id='word_1_291' title='bbox 1104 3629 1139 3695; x_wconf 91' lang='lat' dir='ltr'><strong>in</strong></span> <span class='ocrx_word' id='word_1_292' title='bbox 1160 3629 1252 3698; x_wconf 87' lang='lat' dir='ltr'>asino</span> 
     </span>
     <span class='ocr_line' id='line_1_35' title="bbox 73 3730 1253 3812; baseline -0.001 -13"><span class='ocrx_word' id='word_1_293' title='bbox 73 3734 287 3800; x_wconf 82' lang='lat' dir='ltr'>inveniuntur.</span> <span class='ocrx_word' id='word_1_294' title='bbox 330 3733 453 3812; x_wconf 85' lang='lat' dir='ltr'>Quibus</span> <span class='ocrx_word' id='word_1_295' title='bbox 487 3735 520 3798; x_wconf 92' lang='lat' dir='ltr'><strong>in</strong></span> <span class='ocrx_word' id='word_1_296' title='bbox 557 3730 798 3799; x_wconf 82' lang='lat' dir='ltr'>difficultatibus</span> <span class='ocrx_word' id='word_1_297' title='bbox 830 3751 902 3796; x_wconf 88' lang='lat' dir='ltr'><strong>cum</strong></span> <span class='ocrx_word' id='word_1_298' title='bbox 931 3730 991 3796; x_wconf 85' lang='lat' dir='ltr'>viri</span> <span class='ocrx_word' id='word_1_299' title='bbox 1016 3731 1193 3800; x_wconf 84' lang='lat' dir='ltr'>doctissimi</span> <span class='ocrx_word' id='word_1_300' title='bbox 1217 3736 1253 3798; x_wconf 87' lang='lat' dir='ltr'><strong>et</strong></span> 
     </span>
     <span class='ocr_line' id='line_1_36' title="bbox 76 3833 1252 3920; baseline -0.002 -18"><span class='ocrx_word' id='word_1_301' title='bbox 76 3837 278 3920; x_wconf 82' lang='lat' dir='ltr'>sagacissimi</span> <span class='ocrx_word' id='word_1_302' title='bbox 303 3835 584 3903; x_wconf 85' lang='lat' dir='ltr'>vehementissime</span> <span class='ocrx_word' id='word_1_303' title='bbox 610 3835 816 3915; x_wconf 79' lang='lat' dir='ltr'>offenderint,</span> <span class='ocrx_word' id='word_1_304' title='bbox 845 3839 883 3900; x_wconf 87' lang='lat' dir='ltr'><strong>ut</strong></span> <span class='ocrx_word' id='word_1_305' title='bbox 911 3833 1148 3917; x_wconf 85' lang='lat' dir='ltr'>Hamsterhuis,</span> <span class='ocrx_word' id='word_1_306' title='bbox 1172 3834 1252 3900; x_wconf 82' lang='lat' dir='ltr'>Ocu-</span> 
     </span>
     <span class='ocr_line' id='line_1_37' title="bbox 75 3937 1252 4023; baseline -0.003 -18"><span class='ocrx_word' id='word_1_307' title='bbox 75 3941 155 4016; x_wconf 80' lang='grc'><strong>666,</strong></span> <span class='ocrx_word' id='word_1_308' title='bbox 183 3939 364 4020; x_wconf 87' lang='lat' dir='ltr'>Lehmann,</span> <span class='ocrx_word' id='word_1_309' title='bbox 392 3941 474 4004; x_wconf 87' lang='grc'><strong>6666</strong></span> <span class='ocrx_word' id='word_1_310' title='bbox 503 3939 617 4023; x_wconf 75' lang='lat' dir='ltr'>longus</span> <span class='ocrx_word' id='word_1_311' title='bbox 645 3959 716 4006; x_wconf 89' lang='lat' dir='ltr'>esse</span> <span class='ocrx_word' id='word_1_312' title='bbox 743 3937 856 4004; x_wconf 85' lang='lat' dir='ltr'>debeo.</span> <span class='ocrx_word' id='word_1_313' title='bbox 900 3937 1064 4004; x_wconf 82' lang='grc'><strong>66666666</strong></span> <span class='ocrx_word' id='word_1_314' title='bbox 1091 3938 1177 4004; x_wconf 90' lang='lat' dir='ltr'>enim</span> <span class='ocrx_word' id='word_1_315' title='bbox 1204 3937 1252 4021; x_wconf 92' lang='lat' dir='ltr'><strong>(iu</strong></span> 
     </span>
     <span class='ocr_line' id='line_1_38' title="bbox 76 4039 1252 4127; baseline 0 -21"><span class='ocrx_word' id='word_1_316' title='bbox 76 4042 151 4106; x_wconf 83' lang='lat' dir='ltr'>edit.</span> <span class='ocrx_word' id='word_1_317' title='bbox 174 4039 236 4106; x_wconf 90' lang='lat' dir='ltr'><strong>Vol</strong></span> <span class='ocrx_word' id='word_1_318' title='bbox 255 4041 317 4122; x_wconf 87' lang='lat' dir='ltr'><strong>IV,</strong></span> <span class='ocrx_word' id='word_1_319' title='bbox 339 4063 369 4126; x_wconf 90' lang='lat' dir='ltr'><strong>p.</strong></span> <span class='ocrx_word' id='word_1_320' title='bbox 392 4042 477 4126; x_wconf 76' lang='lat'><strong>504.)</strong></span> <span class='ocrx_word' id='word_1_321' title='bbox 499 4041 644 4127; x_wconf 79' lang='lat' dir='ltr'>profiteui</span> <span class='ocrx_word' id='word_1_322' title='bbox 665 4039 730 4108; x_wconf 76' lang='lat' dir='ltr'>nois</span> <span class='ocrx_word' id='word_1_323' title='bbox 752 4041 892 4116; x_wconf 81' lang='lat' dir='ltr'>dubitat,</span> <span class='ocrx_word' id='word_1_324' title='bbox 914 4040 1098 4123; x_wconf 85' lang='lat' dir='ltr'>Luciannm,</span> <span class='ocrx_word' id='word_1_325' title='bbox 1122 4041 1150 4106; x_wconf 88' lang='lat' dir='ltr'>si</span> <span class='ocrx_word' id='word_1_326' title='bbox 1177 4059 1252 4106; x_wconf 86' lang='lat' dir='ltr'>vere</span> 
     </span>
     <span class='ocr_line' id='line_1_39' title="bbox 77 4143 1252 4230; baseline 0.001 -20"><span class='ocrx_word' id='word_1_327' title='bbox 77 4143 171 4210; x_wconf 90' lang='lat' dir='ltr'>buius</span> <span class='ocrx_word' id='word_1_328' title='bbox 193 4143 324 4212; x_wconf 81' lang='lat' dir='ltr'>fabulae</span> <span class='ocrx_word' id='word_1_329' title='bbox 346 4145 485 4229; x_wconf 84' lang='lat' dir='ltr'>scriptor</span> <span class='ocrx_word' id='word_1_330' title='bbox 504 4143 613 4224; x_wconf 75' lang='lat' dir='ltr'>fuerit</span> <span class='ocrx_word' id='word_1_331' title='bbox 634 4147 706 4230; x_wconf 86' lang='lat' dir='ltr'>plus</span> <span class='ocrx_word' id='word_1_332' title='bbox 722 4165 817 4229; x_wconf 85' lang='lat' dir='ltr'>quem</span> <span class='ocrx_word' id='word_1_333' title='bbox 830 4143 950 4210; x_wconf 83' lang='lat' dir='ltr'>Protea</span> <span class='ocrx_word' id='word_1_334' title='bbox 971 4144 1155 4212; x_wconf 85' lang='lat' dir='ltr'>habendum</span> <span class='ocrx_word' id='word_1_335' title='bbox 1169 4159 1252 4228; x_wconf 85' lang='lat' dir='ltr'>esse,</span> 
     </span>
    </p>
   </div>
   <div class='ocr_carea' id='block_1_7' title="bbox 148 4270 923 4456">
    <p class='ocr_par' dir='ltr' id='par_1_7' title="bbox 148 4270 923 4456">
     <span class='ocr_line' id='line_1_40' title="bbox 148 4270 786 4370; baseline 0.002 -18"><span class='ocrx_word' id='word_1_336' title='bbox 148 4298 168 4367; x_wconf 82' lang='lat'><strong>¹)</strong></span> <span class='ocrx_word' id='word_1_337' title='bbox 187 4297 309 4354; x_wconf 59' lang='lat' dir='ltr'>[unciani</span> <span class='ocrx_word' id='word_1_338' title='bbox 326 4293 464 4358; x_wconf 57' lang='lat' dir='ltr'>Alexan&amp;</span> <span class='ocrx_word' id='word_1_339' title='bbox 484 4294 549 4354; x_wconf 85' lang='lat' dir='ltr'>edid</span> <span class='ocrx_word' id='word_1_340' title='bbox 566 4293 658 4356; x_wconf 83' lang='lat' dir='ltr'>Jacob</span> <span class='ocrx_word' id='word_1_341' title='bbox 675 4314 702 4370; x_wconf 85' lang='lat' dir='ltr'><strong>p.</strong></span> <span class='ocrx_word' id='word_1_342' title='bbox 719 4295 762 4353; x_wconf 74' lang='lat'><strong>28.</strong></span> <span class='ocrx_word' id='word_1_343' title='bbox 782 4270 786 4277; x_wconf 35' lang='lat'>¹</span> 
     </span>
     <span class='ocr_line' id='line_1_41' title="bbox 150 4379 923 4456; baseline 0.003 -18"><span class='ocrx_word' id='word_1_344' title='bbox 150 4381 173 4456; x_wconf 70' lang='lat'><strong>⁹)</strong></span> <span class='ocrx_word' id='word_1_345' title='bbox 188 4383 219 4438; x_wconf 80' lang='lat' dir='ltr'><strong>in</strong></span> <span class='ocrx_word' id='word_1_346' title='bbox 238 4383 337 4441; x_wconf 84' lang='lat' dir='ltr'>transl.</span> <span class='ocrx_word' id='word_1_347' title='bbox 354 4399 419 4455; x_wconf 81' lang='lat' dir='ltr'>opp.</span> <span class='ocrx_word' id='word_1_348' title='bbox 437 4382 556 4441; x_wconf 81' lang='lat' dir='ltr'>Luciam</span> <span class='ocrx_word' id='word_1_349' title='bbox 585 4380 648 4442; x_wconf 73' lang='lat' dir='ltr'><strong>vs:</strong></span> <span class='ocrx_word' id='word_1_350' title='bbox 668 4382 710 4444; x_wconf 73' lang='lat' dir='ltr'><strong>IV</strong></span> <span class='ocrx_word' id='word_1_351' title='bbox 726 4401 753 4456; x_wconf 87' lang='lat' dir='ltr'><strong>p.</strong></span> <span class='ocrx_word' id='word_1_352' title='bbox 771 4379 831 4440; x_wconf 74' lang='lat'><strong>802.</strong></span> <span class='ocrx_word' id='word_1_353' title='bbox 893 4381 923 4416; x_wconf 88' lang='lat'><strong>·&#39;</strong></span> 
     </span>
    </p>
   </div>
   <div class='ocr_carea' id='block_1_8' title="bbox 0 0 1459 4698">
    <p class='ocr_par' dir='ltr' id='par_1_8' title="bbox 0 0 1459 4698">
     <span class='ocr_line' id='line_1_42' title="bbox 0 0 1459 4698; baseline 0 0"><span class='ocrx_word' id='word_1_354' title='bbox 0 0 1459 4698; x_wconf 95' lang='lat' dir='ltr'><strong> </strong></span> 
     </span>
    </p>
   </div>
  </div>
 </body>
</html>
