2878 4698
681 161 894 223 ...14-

191 322 411 412 quaestionem
440 323 534 394 uobis
560 325 760 414 propositam
786 326 866 397 nihil
887 325 1035 414 pertinet,
1057 329 1165 394 utrum
1186 323 1310 392 Lucius
1334 323 1378 391 sit

189 433 306 496 auctor
333 430 439 515 operis
466 430 552 498 iilius
579 451 601 498 a
628 429 745 498 Photic
778 430 930 516 descripti
952 449 1074 511 annon,
1103 429 1165 496 hoe
1186 427 1267 510 loeo,
1291 427 1380 494 Wie-

191 531 293 600 landii
311 533 472 621 „opinionis
493 535 619 602 ratione
641 533 752 600 habita
775 533 873 613 nulla,
896 537 975 600 ante
994 531 1102 600 omnia
1118 531 1152 598 id
1167 531 1379 598 statuendum

193 653 265 702 esse
286 634 377 702 nobie
399 635 542 718 videtur,
572 636 643 704 ¹siue
674 635 742 704 ullo
769 635 866 703 dubio
888 635 996 704 Phctii
1023 635 1222 720 temporibus
1243 640 1381 720 praeter

190 736 341 824 Appuleii
378 758 458 826 opus
491 739 592 806 latine
630 740 785 824 scriptum
801 738 898 805 ,duos
925 738 1024 806 libros
1051 738 1212 820 extitisse,
1241 757 1382 822 quorum

189 841 275 910 alter
297 863 318 908 ο
339 841 491 923 Lucieno,
519 841 602 908 alter
630 841 772 910 abucio
794 842 943 908 Patrensi
969 842 1166 927 compositus
1191 861 1262 908 esse
1284 846 1381 926 puta·

192 943 299 1012 batur.
343 944 400 1010 Sin
422 945 607 1028 quaerimus
629 944 669 1010 (ie
690 944 802 1011 ordine
823 945 938 1012 horum
959 945 1056 1012 trium
1075 945 1277 1028 scriptorum,
1300 943 1382 1027 quid

193 1047 346 1130 primum,
373 1047 451 1131 quid
472 1053 670 1132 postremum
692 1047 736 1114 ait
757 1049 983 1134 compositum,
1005 1045 1156 1112 facillime
1178 1045 1381 1112 demonstra·

191 1148 292 1230 bitur,
316 1149 508 1236 Appuleium
523 1171 587 1220 non
609 1171 680 1218 esse
703 1171 776 1218 eum
797 1155 975 1229 auctorem,
999 1170 1020 1216 a
1042 1167 1106 1232 quo
1128 1147 1183 1214 alii
1210 1168 1383 1232 argumen-

195 1256 264 1318 tum
290 1251 423 1320 fabulae
451 1254 643 1338 acceperint
687 1253 816 1320 Etenim
844 1271 915 1320 cum
943 1252 1083 1338 scriptor
1103 1251 1159 1316 ille
1180 1251 1302 1317 latinus
1325 1271 1380 1317 res

193 1351 265 1420 iere
287 1353 419 1422 eaedem
447 1355 570 1423 eisdem
596 1355 703 1424 uerbis
730 1361 830 1442 atque
847 1354 1009 1424 Lucienus
1039 1358 1073 1421 et
1093 1354 1213 1420 Lucina
1241 1373 1382 1420 nonnus·

191 1475 291 1540 wquam
301 1463 412 1524 narret
423 1463 455 1524 et
465 1458 534 1544 ipse
545 1479 581 1526 ss
593 1459 735 1532 fabulam
745 1460 971 1545 graecanicam
981 1457 1155 1524 tradidisse
1164 1455 1262 1539 dicat,
1273 1456 1344 1542 (lib.
1352 1457 1379 1522 Ι.

194 1579 225 1642 p.
250 1561 278 1624 2.
300 1563 337 1625 ut
363 1560 507 1646 egotibi
529 1582 676 1628 nemone
699 1561 763 1632 isto
785 1561 909 1628 Milesio
930 1560 1038 1628 varias
1060 1559 1188 1626 fabulas
1210 1579 1381 1625 conseram

194 1660 264 1744 Ip.
296 1647 356 1728 11.‘
373 1661 514 1730 fabulum
543 1665 765 1750 graecanicam
791 1664 1005 1750 incipimus.¹)
1053 1664 1126 1749 quis
1154 1661 1287 1747 estqui
1316 1683 1382 1728 non

194 1762 365 1849 intelligat,
386 1769 445 1832 aut
465 1765 557 1832 Lucii
577 1767 678 1836 libros
700 1773 759 1834 aut
779 1766 914 1835 Luciani
929 1767 1054 1834 asinum
1068 1765 1191 1833 iontem
1206 1785 1277 1832 cose
1291 1765 1380 1831 unde

193 1865 351 1935 hauserit
394 1867 496 1952 Multo
511 1874 619 1936 autem
635 1875 685 1938 est
700 1869 869 1952 difficilius,
885 1871 914 1935 si
928 1869 1104 1936 diiudicare
1119 1887 1283 1948 conamur,
1306 1871 1381 1935 utar

195 1969 285 2052 prius
307 1969 391 2036 hanc
412 1993 481 2040 rem
502 1974 702 2053 tractaverit,
726 1973 885 2039 Lucienus
907 1992 949 2037 an
963 1972 1092 2054 Lucius,
1116 1993 1189 2038 cum
1212 1972 1252 2037 de
1275 1970 1381 2037 altero

193 2069 276 2145 nibil
289 2072 380 2141 certi
400 2073 576 2142 habeamus
591 2075 652 2142 nisi
666 2095 751 2162 quae
765 2095 870 2159 pauca
883 2073 1017 2140 Photius
1032 2075 1205 2142 memoriae
1224 2073 1378 2158 prodidit.

194 2174 301 2256 Atque
322 2174 404 2242 haec
425 2176 556 2261 quidem
576 2183 653 2248 eunt
673 2179 773 2245 verba
794 2177 1018 2264 patriarchae:

281 2266 389 2346 Photii
411 2279 554 2366 biblioth.
576 2281 627 2346 ad.
649 2279 777 2345 Bekker
799 2281 826 2362 1,
850 2285 900 2344 96.

279 2371 490 2470 Ἀνιγνάσθη
512 2375 671 2448 Λουκίου
692 2381 857 2470 Πατρέως
877 2377 1172 2470 μιταμορφιύσιων
1192 2379 1288 2467 λόγοι
1310 2381 1384 2447 όιά-

195 2504 311 2572 φορυι.
362 2477 435 2552 ἔστι
464 2481 503 2550 δὲ
529 2482 589 2572 τὴν
610 2479 736 2573 φράσιν
761 2483 874 2573 σαφής
896 2507 932 2549 τι
960 2481 1018 2550 καί
1044 2477 1145 2571 φίλος
1171 2480 1382 2571 γλυκύτητος·

196 2581 329 2674 φεύγων
364 2585 402 2654 δὲ
436 2581 497 2674 τήν
522 2583 558 2652 ἐν
586 2579 701 2671 λόγοις
726 2581 943 2670 καινοτομίαν
970 2581 1019 2664 τίς
1044 2581 1238 2674 ὑπερβολήν
1265 2582 1384 2651 όιοίκιι

195 2684 254 2773 τήν
276 2684 312 2755 όν
332 2689 403 2769 τοῖς
427 2678 612 2777 διηγήμασι
631 2683 819 2776 τερατείαν,
850 2684 908 2753 καὶ
930 2685 976 2765 τίς
998 2679 1040 2754 όίν
1060 2711 1111 2766 τις
1132 2679 1241 2764 τύποι,
1277 2677 1385 2764 ἄλλος

196 2785 266 2858 ἐστὶ
287 2788 491 2868 Λουκιανός.
521 2785 555 2856 ολ
578 2787 616 2856 δὲ
642 2813 678 2876 γε
705 2792 837 2879 πρῶτοι
865 2783 968 2858 άυτοῦ
1000 2789 1061 2858 δύο
1091 2785 1188 2876 λόγοι
1214 2782 1383 2873 μόνονού

194 2885 453 2980 μιτιγρύφησαν
466 2886 608 2981 Λουκίρ
623 2889 660 2958 ἐκ
673 2895 735 2958 τού
748 2895 946 2960 Λουκιανοῦ
961 2892 1063 2982 λόγου
1078 2881 1117 2972 ὃς
1133 2889 1385 2978 ἐπιγέγραπται

196 2992 328 3070 Λούκις
354 2983 378 3079 ἢ
404 2983 482 3072 λίνος
508 2987 532 3081 ἢ
553 2989 853 3062 ίκτιόνΛουκίου
876 2985 1313 3082 rememorabitur
1343 2993 1385 3058 riri

194 3091 326 3176 μᾶλλον
357 3087 375 3168 ὁ
408 3093 604 3188 Λουκιανός
632 3093 882 3186 μιταγράφοντι
913 3091 994 3162 ὅσον
1033 3091 1183 3174 εἰκάζειν
1228 3089 1279 3170 τίς
1314 3094 1382 3218 γάρ

194 3189 304 3288 χρόνῳ
330 3194 565 3286 πρεσβύτερος,
590 3189 686 3268 ούπω
708 3193 825 3280 ἓχυμιν
846 3199 978 3284 γνῶναι.
1006 3219 1064 3261 και
1084 3193 1148 3284 γὰρ
1164 3188 1279 3284 ὥσπερ
1307 3189 1383 3262 άπὸ

197 3292 347 3376 πλάτους
372 3300 439 3365 τῶν
458 3294 609 3368 Λουκίου
636 3295 791 3387 λόγων
773 3325 792 3422 ρ
821 3296 1017 3378 Λουκιανός
1048 3288 1295 3417 άπρλιπιύνας,
1325 3295 1387 3362 καὶ

198 3396 419 3490 περιελών
408 3395 472 3468 όσα
512 3397 560 3518 μὴ
599 3400 710 3470 ἐδόκει
751 3393 842 3487 αύτῷ
876 3396 963 3488 πρὸς
995 3389 1054 3468 τόν
1085 3393 1204 3464 οἰκεῖον
1234 3393 1387 3519 χρήσιμα

199 3500 343 3581 σκοπόν,
366 3495 484 3580 αὐταῖς
499 3467 543 3571 (λι
552 3501 662 3583 λόξισι
676 3528 733 3571 και
724 3498 996 3580 συντάξασιν’
966 3524 1015 3578 εις
1038 3497 1096 3568 ἕνα
1118 3496 1159 3564 τά
1182 3495 1288 3566 λοιπά
1312 3520 1385 3566 συν·

200 3602 352 3692 σρμόσας
379 3602 486 3689 λόγον,
517 3597 692 3684 Λούκις“
670 3631 689 3692 νγ
715 3595 804 3682 σ’νος
826 3600 1001 3692 ἐπέγραψε
1027 3601 1065 3668 τὸ
1095 3599 1226 3670 ἐκεῖθεν
1258 3593 1388 3668 ύποσυ-

200 3703 314 3792 aanor.
342 3706 436 3794 γέμει
462 3703 547 3776 δὲ
530 3732 549 3772 ο
578 3701 737 3794 εκατέρου
766 3705 866 3792 λόγος
896 3703 1104 3828 πλασμάτων
1133 3705 1195 3790 μὲν
1218 3707 1387 3788 μυθικῶν,

196 3797 447 3928 υίρρητοποιίας
479 3805 517 3876 δὲ
552 3805 699 3899 αἰσχράς.
737 3805 874 3895 πλὴν
858 3831 876 3872 ο
906 3804 968 3892 μὲν
994 3805 1189 3930 Λουκιανός
1221 3800 1388 3874 σκάπτων
1415 3835 1416 3840 ’

200 3907 257 3974 καί
283 3909 451 4001 διασύρων
479 3913 538 4003 τὴν
567 3905 759 4001 Ἑλληνικὴν
785 3906 1063 3994 όοισιύαιμονιαν,
1094 3904 1205 3996 ὥςπερ
1228 3900 1291 3974 κάν
1316 3911 1388 3986 τοῖς

200 4001 331 4098 άλλοις,
361 4013 419 4082 καὶ
447 4019 565 4084 τοῦτον
598 4010 799 4082 συνέταττεν·
829 4006 847 4080 ὁ
877 4011 914 4079 δὲ
940 4006 1092 4132 Λούκιος
1117 4008 1317 4092 σπουδάζων
1351 4034 1388 4074 τι

201 4116 258 4184 καί
288 4118 410 4196 πιστάς
432 4114 574 4204 νομίζων
595 4115 656 4194 τάς
677 4113 714 4194 ἐξ
737 4108 931 4204 ἀνθρώπων
956 4109 1004 4192 είς
1034 4106 1200 4200 άλλήλους
1220 4135 1389 4198 μεταμορ-

274 4375 297 4445 2)
318 4373 462 4449 Paginac
480 4379 547 4430 sunt
563 4373 694 4432 editionis
712 4370 904 4444 Oudendorpii
920 4366 1054 4444 Lugduni
1072 4366 1137 4428 Bst.
1155 4365 1232 4426 litt.
