2878 4698
67 354 202 448 ‘tionis-
213 355 336 442 aetatis
337 348 557 442 *auctoribus*
575 364 732 440 usurpata
763 377 834 422 esse
866 355 1118 434 demonstrat¹).
1160 357 1272 441 Neque

87 455 197 524 aliena
223 479 295 522 esse
323 455 422 523 verba
449 461 529 524 asin.
562 483 629 545 cap.
663 465 709 525 19.
740 456 820 548 πρὶν
846 450 870 546 ἢ
891 452 1045 523 κάτωθεν
1071 455 1227 541 ἐξεμέσαι
1252 481 1273 526 a

86 555 224 624 Luciani
245 580 361 642 genere
385 551 523 644 dicendi,
544 563 624 628 satis
647 563 820 628 ostendunt
838 562 902 628 loci
931 560 1158 626 consimillimi:
1192 561 1267 626 dial.

88 665 185 724 mort.
214 663 261 741 14,
287 667 314 726 2.
339 659 419 750 πρὶν
442 655 520 748 1)τί
551 661 697 747 τόξευμα
719 661 940 742 ἐξικνεῖσθαι,
966 661 1059 726 Zeux.
1094 669 1140 728 10.
1183 663 1273 730 Idem

86 761 206 827 deinde
230 783 308 828 usus
330 769 420 830 extat
441 771 492 830 ter
514 767 548 832 in
570 765 716 845 amorib.,
742 765 840 838 semel
862 765 1057 848 inparem,
1080 771 1113 858 et
1134 767 1165 829 in
1189 765 1271 834 libro

87 864 130 928 de
147 863 291 944 sacrifia,
315 887 395 950 quos
417 866 518 932 libros
535 889 646 934 onmes
661 869 788 934 Bekker
803 865 990 934 subditicios
1013 888 1085 932 esse
1107 866 1271 933 iudicavit.

178 967 213 1052 d)
235 968 357 1032 Deinde
380 969 465 1034 aliae
486 971 675 1052 particulae,
699 970 814 1054 quibus
839 969 1026 1053 saepissime
1048 991 1124 1038 usus
1148 975 1199 1036 est
1212 970 1273 1035 Lu·

87 1069 214 1148 cianus,
238 1070 334 1136 etiam
356 1071 390 1135 iri
405 1071 495 1136 asino
517 1071 682 1158 leguntur:
712 1068 849 1158 καὶμὴν
870 1067 928 1137 καί
949 1073 1029 1138 asin.
1052 1095 1122 1157 cap.
1148 1077 1197 1153 18,
1221 1077 1271 1149 29,

88 1177 141 1244 30,
178 1174 232 1250 38,
262 1178 309 1236 51.
355 1172 450 1250 Quae·
474 1173 629 1240 vocabula
657 1195 876 1259 quamsaepe
906 1173 992 1257 apud
1020 1173 1198 1240 Lucienum
1225 1175 1272 1239 in-
1299 1218 1303 1224 -

86 1273 260 1338 veniantur
282 1295 321 1338 ex
344 1295 381 1338 eo
403 1274 539 1360 intelligi
560 1281 682 1362 potest,
713 1277 798 1361 quod
827 1277 860 1340 in
890 1275 967 1342 solis
999 1297 1095 1342 verae
1116 1277 1272 1342 historiae

88 1375 182 1440 libris
200 1377 375 1460 quinquies
392 1377 484 1443 nobis
500 1383 687 1445 occurrunt:
709 1379 781 1444 Ver.
799 1377 866 1443 hist
881 1377 905 1457 1,
930 1383 959 1456 8,
976 1381 1078 1458 23,34‚
1094 1377 1135 1460 11,
1154 1386 1203 1452 14,
1221 1385 1271 1444 20.

174 1475 232 1543 καὶ
254 1513 295 1528 -
318 1481 361 1544 δὲ.
383 1480 462 1546 asin.
488 1486 535 1546 12.
557 1477 614 1546 καὶ
634 1471 742 1548 τᾶλλα
769 1477 815 1546 δὲ.
842 1484 891 1545 13.
913 1474 967 1543 καὶ
986 1477 1028 1544 cd
1054 1469 1124 1546 ὦτοι
1146 1478 1192 1546 δὲ.
1218 1487 1267 1546 17.

88 1576 147 1645 καὶ
161 1576 312 1664 στόματα
328 1577 375 1649 δὲ.
401 1587 449 1648 20.
472 1579 529 1649 καὶ
549 1581 591 1648 τὰ
614 1581 695 1673 κρέα
717 1579 766 1648 δὲ.
791 1589 840 1648 51.
863 1577 922 1647 καὶ
934 1577 994 1668 τὴν
1018 1576 1201 1669 παιδίσκην
1223 1581 1271 1650 δέ.

89 1682 286 1760 Quibuscum
314 1683 461 1749 conferas
490 1685 597 1753 Prom.
634 1690 683 1750 20.
719 1687 773 1748 καὶ
806 1675 859 1748 ὅτι
894 1682 943 1748 δὲ.
975 1685 1095 1750 Timon.
1130 1688 1180 1748 50.
1217 1682 1273 1749 καὶ

91 1779 265 1871 ηρίοτενσι
299 1783 344 1851 δὲ.
379 1787 555 1856 Ρ11111.,1.
590 1784 647 1852 καὶ
676 1783 716 1852 σύ
750 1783 794 1850 dd.
827 1785 865 1849 de
897 1787 970 1852 hist.
1001 1808 1123 1852 consor.
1161 1791 1186 1849 l.
1215 1782 1273 1849 καὶ

89 1885 192 1974 κρύος
219 1883 257 1952 δὲ
284 1887 371 1973 μέγα
404 1895 452 1955 12.
482 1885 540 1954 καὶ
567 1886 605 1955 οὲ
634 1884 681 1954 δέ.
711 1888 805 1954 Reth.
836 1909 943 1970 praec.
980 1885 1036 1953 καὶ
1061 1881 1082 1974 ἦ
1111 1884 1194 1964 δόξα
1224 1885 1271 1952 δέ.

89 1989 162 2052 adv.
185 1987 247 2052 ind.
272 1994 301 2053 9.
325 1987 382 2053 καὶ
403 1985 424 2078 ἡ
449 1989 612 2079 πορφύρα
635 1989 681 2056 δὲ.
719 1993 792 2056 Ver.
823 1991 895 2057 hist.
918 1993 942 2072 Ι,
969 1997 1015 2057 10,
1046 1987 1103 2056 καὶ
1120 1979 1205 2075 ἄλλη
1221 1989 1268 2054 de'.
1300 2014 1303 2019 ·

92 2095 134 2154 34
157 2085 215 2152 καὶ
235 2086 294 2176 τὴν
316 2089 426 2180 πηγὴν
448 2092 486 2158 ds'
506 2093 547 2171 Π,
572 2095 622 2158 19.
659 2089 715 2158 καὶ
746 2087 779 2160 οὶ
801 2093 920 2174 παῖδες
942 2091 989 2158 δὲ.
1028 2093 1120 2166 (Tox.
1142 2088 1193 2156 20.
1216 2087 1274 2155 καὶ

90 2185 231 2256 κώνειον
249 2191 299 2276 δὲ)
310 2197 349 2275 1).
657 2277 659 2281 ,
1106 2259 1109 2267 .

181 2294 212 2376 e)
236 2294 316 2361 Tum
347 2296 490 2361 notanda
513 2303 563 2364 est
591 2317 702 2362 eorum
731 2297 874 2362 locorum
898 2297 996 2376 ratio,
1023 2295 1058 2360 in
1080 2294 1194 2378 quibus
1216 2290 1274 2358 καὶ
1306 2291 1359 2467 ρ

91 2394 141 2459 vel
163 2395 345 2477 particulae
366 2400 552 2482 temporalis
576 2397 840 2482 significationem
861 2399 981 2465 habere
1003 2396 1053 2460 vel
1075 2395 1271 2480 pronominis

91 2496 219 2561 relativi
254 2497 360 2564 locum
398 2507 508 2567 tenere
541 2501 697 2566 videatur.
741 2500 801 2565 Hic
836 2507 945 2586 autem
980 2520 1057 2564 usus
1097 2499 1183 2581 apud
1211 2495 1409 2624 1111-)ι,,ἰ,Ι

90 2599 218 2663 cianum
245 2602 374 2684 saepius
406 2608 507 2684 extat,
542 2605 607 2669 sive
634 2627 669 2668 τε
702 2603 919 2688 particulaeve
954 2601 1148 2684 temporales
1177 2593 1298 2682 (ἅμα,ι
1341 2673 1344 2680 ,

90 2690 203 2778 οὔπω,
233 2691 312 2789 ἤδη)
337 2707 547 2786 antecedunt,
578 2707 643 2772 sive
673 2708 866 2770 omittuntur
894 2702 952 2785 (cf.
981 2703 1137 2787 Krueger.
1169 2723 1271 2786 gram.
1381 2721 1385 2732 ’
1423 2729 1426 2738 ·

91 2809 141 2881 69,
167 2809 184 2867 6
209 2811 241 2870 et
260 2809 308 2884 69,
333 2812 382 2882 32,
408 2813 434 2872 6.
475 2809 580 2892 Vigor.
602 2830 632 2890 p.
657 2814 739 2886 523.)
775 2808 899 2871 Similia
923 2811 999 2870 sunt
1020 2805 1100 2870 haec
1123 2803 1270 2886 exempla
1364 2817 1366 2826 ’

93 2927 131 2969 ex
154 2906 246 2972 asino
269 2909 387 2990 petita:
411 2931 478 2992 cap.
505 2915 552 2973 17.
576 2903 685 2998 ἡμέρα
707 2932 742 2973 τε
765 2898 804 2995 ἢν
820 2905 882 2996 ἤδη
905 2904 963 2973 καὶ
977 2904 1088 2972 πολλοὶ
1106 2898 1168 2993 ὅρη
1192 2899 1267 2970 civa-
1288 2965 1319 2999 .·
1349 2955 1356 3000 ¹.

93 3003 297 3090 βεβήκαμεν.
326 3015 374 3076 26.
398 3001 527 3099 ὄρθρος
549 3010 586 3076 δὲ
608 3001 649 3099 ἦν
670 3005 720 3076 ἔτι
741 3007 798 3074 καὶ
820 3006 980 3096 ἐξαίφνης
1001 3007 1068 3074 κτλ.
1285 3002 1293 3020 '
1318 3019 1322 3028 '

176 3108 198 3172 f.
220 3111 333 3196 Neque
356 3113 472 3178 desunt
495 3113 528 3178 in
550 3112 668 3192 libello,
692 3113 731 3177 de
754 3134 816 3196 quo
840 3113 973 3196 agimus,
995 3110 1151 3174 vocabula
1173 3127 1271 3192 quae·
1305 3107 1311 3113 '

92 3209 178 3286 dam,
208 3213 324 3296 quibus
352 3201 514 3280 Lucienus
540 3216 730 3300 plerumque
759 3214 901 3298 singulas
932 3213 1080 3296 periodos
1103 3215 1271 3275 conectere
1308 3265 1381 3362 W,

94 3311 189 3378 solet:
633 3336 635 3340 ¹
1355 3359 1358 3369 .

176 3410 211 3479 ἐν
233 3417 350 3502 τούτῳ.
374 3455 418 3465 -
439 3419 517 3483 asin.
545 3425 573 3482 4.
597 3425 646 3486 25.
677 3419 719 3482 in.
743 3425 794 3484 42.
822 3416 904 3483 med.
932 3421 982 3481 55.
1009 3406 1072 3480 κᾶν
1092 3409 1199 3496 τούτῳ
1227 3413 1272 3475 16.
1308 3396 1312 3495 ξ
1344 3404 1348 3416 ’

93 3515 134 3580 in.
161 3512 324 3604 ἐντούτῳ
348 3516 554 3586 11.]1111111111.
581 3521 683 3586 loin.
707 3521 850 3606 Sympos.
874 3519 987 3586 4111.
1306 3524 1309 3542 ‘
1346 3585 1351 3595 ,

174 3611 330 3685 ἐντεῦθεν
353 3627 386 3687 et
407 3615 614 3688 τούντεῦθεν.
636 3624 714 3689 asin.
743 3645 809 3706 cap.
839 3629 888 3690 39.
903 3620 950 3686 ’51.
973 3621 1105 3702 Dionys.
1129 3621 1155 3680 7
1181 3615 1267 3682 deor.
1336 3604 1342 3625 ¹
1383 3671 1397 3694 .,
1417 3641 1428 3702 j

92 3721 202 3786 concil.
230 3727 278 3785 15.
316 3723 470 3790 Alexand.
494 3731 524 3806 9,
550 3731 599 3790 57.
622 3725 663 3790 al.
1343 3725 1345 3732 ’

176 3821 325 3889 ἐνταῦθα
354 3830 387 3890 et
414 3819 591 3892 κάνταῦθα
620 3827 699 3893 asin
729 3833 784 3903 40,
816 3832 872 3906 41,
903 3827 952 3892 56.
975 3824 1014 3889 cf.
1050 3822 1122 3886 Ver.
1145 3821 1220 3886 hist.
1246 3821 1303 3900 l

96 3925 204 4004 17,ΙΙΙ
229 3932 268 3991 27
291 3926 367 4010 (bis)
389 3928 481 3994 Dion
505 3935 534 3996 6
556 3949 636 3996 mar.
660 3929 734 4028 dial.
754 3933 782 4008 2,
806 3934 834 4006 2,
857 3929 897 3994 al.
992 3971 995 3978 ι

93 4083 301 4095 ..a-*-

166 4165 328 4234 ².)thesaur
347 4164 417 4236 ling.
435 4183 478 4236 gr.
506 4167 605 4225 Pario
625 4167 689 4223 Vol.
708 4165 796 4238 VIp.
815 4165 883 4221 1603
899 4165 937 4220 D.

160 4253 184 4323 1)
202 4248 282 4316 Quae
305 4267 400 4322 panca
422 4251 558 4327 exempla
571 4241 751 4323 dammpsie
774 4252 854 4308 libris
877 4268 898 4307 s
913 4249 1068 4308 Bekkero'
1059 4267 1089 4304 m
1111 4247 1277 4351 subditiciso
1312 4301 1340 4362 V
1414 4319 1419 4333 .

93 4338 198 4404 relatis,
217 4354 251 4392 ea
267 4337 348 4392 uncis
365 4337 483 4392 inclusi.
502 4342 582 4488 sm
693 4403 723 4420 ..
939 4401 945 4415 ι
1285 4397 1299 4442 f·
1336 4309 1365 4380 l!
1392 4329 1427 4416 χ’

1405 4588 1409 4600 Ι
