2796 4700
27 1659 33 1671 Ι
75 1523 188 1646 Facile
219 1579 304 1646 inter
334 1599 443 1646 omues
472 1579 655 1662 conveniet,
693 1581 721 1646 si
749 1580 948 1666 singulorum
973 1580 1166 1666 scriptorum
1193 1576 1245 1646 rel

74 1683 249 1748 orationem
285 1701 478 1768 cognoscere
510 1683 561 1751 uel
592 1683 752 1768 ingenium
786 1684 967 1769 perspicere
992 1681 1135 1764 velimus,
1169 1686 1246 1750 aute

5 1809 6 1814 ¹
75 1785 175 1851 omnia
195 1785 229 1851 id
251 1785 409 1871 agendum
432 1805 513 1868 esse,
534 1791 573 1853 ut
593 1787 833 1854 accuratissime
856 1787 886 1853 ei
907 1787 990 1868 libri,
1012 1785 1067 1871 qui
1088 1785 1158 1851 sine
1179 1785 1246 1852 ullo
1295 1820 1299 1830 κ

74 1887 166 1954 dubio
196 1889 327 1972 genuini
352 1889 418 1956 sint
442 1889 591 1971 habendi,
619 1909 639 1956 a
668 1888 844 1956 subditioiis
866 1893 1085 1956 secernantur.
1129 1888 1247 1974 Itaque

72 1989 134 2054 ism
162 1991 248 2076 apud
270 1997 396 2058 veteres
418 1985 643 2073 Callimachus,
669 1991 912 2078 Aristophanes,
940 1991 1003 2069 alii,
1033 1991 1178 2074 homines
1199 1991 1247 2057 illi

50 2089 158 2156 docti
179 2092 404 2175 Alexandrini,
430 2101 487 2178 qui
516 2097 708 2181 scriptorum
729 2100 787 2162 aut
809 2094 988 2162 eruditione
1010 2098 1068 2160 aut
1088 2093 1249 2179 sapientie
1276 2101 1278 2106 ’
1376 2105 1378 2108 ’

72 2195 188 2260 ceteris
217 2194 477 2263 antecellentium
504 2197 634 2264 nomina
660 2202 695 2263 et
716 2216 816 2283 opera
836 2197 870 2262 in
891 2195 1021 2264 tabulas
1043 2195 1248 2276 rettulerunt,

71 2317 196 2364 summa
229 2297 393 2385 diligentia
426 2305 474 2384 et,
509 2299 538 2367 si
569 2321 635 2384 qua
666 2301 787 2382 inerat,
822 2304 894 2366 arte
926 2299 1039 2366 critica
1071 2297 1248 2366 diiudicare

70 2399 277 2481 studuerunt,
313 2402 365 2470 oui
400 2403 523 2469 auctori
560 2403 714 2487 scriptum
743 2401 892 2488 quodque
923 2407 1009 2469 esset
1034 2399 1248 2472 tribuendum.

70 2501 181 2586 Neque
212 2509 327 2588 postea
360 2525 433 2572 cam
460 2505 722 2590 Byzantinorum¹
741 2505 877 2589 imperio
913 2503 1038 2589 dilapso
1074 2502 1250 2588 ultimoque

70 2603 271 2671 Graecarum
292 2606 475 2673 litterarum
496 2607 620 2694 refugio
643 2627 754 2674 everso
776 2607 810 2672 in
825 2607 920 2673 ltalia
942 2606 1077 2691 aliisque
1095 2603 1249 2672 Oooiden-
1334 2691 1338 2694 ι

69 2707 113 2771 tis
146 2708 245 2774 terris
273 2714 362 2776 artes
389 2711 548 2797 ingenuae
576 2711 767 2777 reviviscere
793 2709 945 2794 brevique
974 2714 1121 2794 tempore
1148 2708 1250 2775 inere-

69 2809 169 2874 dibile
195 2817 351 2894 quantum
376 2812 565 2878 inerementi
593 2834 708 2899 capere
730 2813 922 2897 coepissent,
952 2833 1092 2896 unquam
1113 2813 1174 2881 viri
1196 2812 1251 2877 de-

68 2913 210 2992 fuerunt,
233 2915 287 2997 qui
310 2913 353 2978 de
374 2913 486 2980 eadem
507 2936 543 2981 re
566 2915 808 3000 diligentissime
830 2913 1080 2998 disceptationes
1106 2914 1253 2980 institue·

67 3019 156 3080 rent.
200 3013 263 3079 Sed
285 3035 479 3101 quamquam
504 3017 632 3085 illorum
660 3017 823 3084 hominum
850 3016 1027 3101 sagacitate
1050 3021 1084 3082 et
1104 3017 1253 3083 doctrina

67 3115 192 3182 multas
220 3139 273 3184 res
305 3118 421 3186 dubias
453 3121 496 3187 ad
529 3125 652 3186 certum
682 3124 829 3186 eventum
862 3117 1036 3204 productus
1070 3139 1141 3185 esse
1168 3119 1255 3184 iuter

66 3239 185 3286 omnes
200 3226 337 3303 constat,
360 3228 454 3289 tanta
474 3228 583 3290 tamen
606 3222 708 3288 adhuc
730 3222 770 3289 de
792 3220 958 3306 permultis
976 3219 1074 3288 libris
1096 3221 1254 3286 dissensio

66 3327 177 3403 extat,
206 3328 244 3388 ut
268 3322 338 3390 fere
369 3324 449 3390 nihil
471 3326 611 3391 animum
634 3324 812 3410 paullulum
834 3323 951 3391 litteris
973 3323 1129 3390 imbutum
1151 3341 1254 3408 aeque

66 3425 114 3490 ad
138 3425 367 3509 inquirendum
389 3427 513 3494 invitet.
556 3427 694 3508 Etenim,
715 3433 752 3492 ut
772 3427 919 3493 omittam
947 3446 1029 3510 quae
1051 3425 1092 3492 de
1113 3423 1254 3502 Homeri,

65 3525 219 3606 Hesiodi,
247 3527 420 3595 aliorumve
451 3513 643 3596 carminibus
667 3532 700 3594 et
721 3529 848 3614 scriptis
871 3529 1052 3594 etiamnunc
1075 3526 1255 3594 sententiae

62 3631 100 3693 in
122 3628 236 3694 medio
251 3631 375 3714 positae
398 3639 481 3713 sunt,
503 3633 671 3700 Platonem
693 3637 725 3698 et
739 3633 915 3700 Lucianum
937 3631 1076 3710 nomino,
1098 3650 1118 3694 a
1139 3625 1255 3711 quibus

62 3733 134 3796 hoc
172 3732 244 3817 ipso
278 3742 418 3818 tempore
451 3735 593 3802 nonnulli
625 3736 685 3802 viri
718 3734 896 3800 doctissimi
923 3752 1074 3816 magnum
1101 3728 1257 3797 librorum

61 3855 246 3902 numerum
275 3837 521 3905 abiudicandum
548 3858 619 3904 esse
647 3843 851 3904 censuerunt.
895 3835 939 3902 Ut
960 3841 1067 3902 autem
1088 3856 1127 3900 ex
1154 3833 1256 3914 libris,

61 3937 196 4022 quibus
232 3961 272 4005 ex
303 3941 449 4007 codicum
486 3941 681 4008 auctoritate
714 3941 843 4008 illorum
873 3945 1039 4006 auctorum
1068 3957 1189 4004 nomen
1210 3935 1257 4000 in-

62 4042 241 4125 scribitur,
269 4043 439 4111 nonnullos
470 4066 490 4111 a
516 4044 681 4130 scriptoris
702 4044 830 4128 ingenio
854 4048 887 4110 et
908 4040 1035 4108 dicendi
1057 4040 1182 4106 ratione
1203 4037 1257 4103 alr

59 4143 213 4214 horrere
242 4147 378 4235 ideoque
407 4171 465 4236 pro
496 4149 613 4233 spuriis
643 4147 807 4214 habendos
836 4168 907 4214 esse
937 4165 1046 4212 omnes
1068 4140 1163 4210 facile
1185 4159 1258 4206 con·

58 4253 250 4318 cesserint:
277 4254 334 4333 itu,
361 4254 483 4340 opinor,
504 4253 597 4318 multi
618 4237 781 4336 incognita
803 4271 904 4318 causa
925 4250 971 4315 eis
993 4245 1147 4314 adsentiri
1169 4241 1258 4308 dubi·

58 4356 229 4438 taverint,
266 4358 322 4444 qui
358 4357 488 4423 tertiam
519 4355 643 4423 fereo
526 4377 758 4545 Γ,ἕιιιιιιριι
793 4359 918 4438 partem
953 4349 1159 4417 subditiciem
1187 4363 1259 4454 esse

1018 4453 1057 4508 1*
1246 4449 1265 4469 ,‚

475 4433 746 4550 15479
