2878 4698
533 190 746 257 ..17-

19 419 20 422 ,
136 367 215 454 App.
238 365 322 454 ll'p'
348 371 442 437 102..
461 363 550 432 Haeo
572 383 697 432 meeum
714 359 787 447 ipse
809 357 976 448 disputans
996 357 1083 431 fores
1101 355 1228 430 Milonis

49 470 177 538 accedo.
223 469 290 540 Neo
312 475 420 539 tamen
444 467 529 536 domi
551 467 702 533 Milonem
723 464 779 535 vel
795 479 929 538 uxorem
949 465 1020 532 eius
1042 463 1218 562 offendo.

136 573 168 658 3)
136 575 288 640 snut,
314 579 365 640 13.
415 567 491 638 insi
518 569 556 637 δὲ
582 567 691 658 κύκλῳ
715 563 961 658 περιεσκόπουν
989 560 1091 638 ἀὑτὸν
1116 561 1233 662 ἑώρων

46 670 137 759 iinon,
163 673 278 767 φωνήν
305 675 343 744 δὲ
362 667 597 844 άιθράπιιυέ’
582 695 617 752 ες
644 671 683 742 τὸ
704 668 911 763 μέμψασθαι
933 669 992 758 τήν
1013 670 1234 760 Πάλιισιραι

47 774 162 848 οὐκέτι
183 769 276 862 elnon
299 803 338 848 ro
327 776 397 846 de*
420 771 573 860 χὲῖλοςέ
573 798 629 842 xes
630 770 704 854 ίιοις
724 771 815 842 κάτω
838 768 900 862 ὅση
923 765 1105 858 άύιαμις’
1082 771 1235 862 ῃιιιάμηι

48 877 156 973 ικιτῆνΙ
176 881 244 950 κτλ.

49 997 53 1004 ’
136 989 217 1072 App.
241 985 298 1052 ΙΙΙ.
321 1005 352 1068 p.
376 987 449 1052 220.
493 982 540 1048 An
562 981 639 1049 dum
661 988 777 1048 ennete
791 980 934 1066 eorporis
948 980 1010 1048 mei
1026 981 1235 1050 considemus

49 1111 113 1158 non
141 1108 233 1158 erem
254 1103 314 1154 me*
327 1086 385 1154 sed
406 1086 532 1154 usinum
560 1085 669 1165 rideo,
697 1103 855 1170 quaerens
884 1083 924 1150 de
952 1083 1054 1164 laeto,
1084 1085 1141 1152 sed
1169 1085 1236 1152 ism

48 1195 190 1260 humano
213 1197 306 1277 gestu
328 1195 362 1258 et
382 1210 459 1256 voce
481 1190 636 1274 privatus,
660 1189 746 1274 quod
769 1187 873 1254 solum
888 1192 1044 1271 poteram,
1066 1193 1234 1273 postremo

50 1298 178 1364 deiecto
199 1294 284 1364 labis
305 1297 421 1378 ‘expost
406 1293 551 1360 tulsbom
573 1299 633 1358 sto.

134 1399 169 1485 4)
213 1397 301 1464 Luci.
338 1402 387 1461 14
429 1392 605 1464 οπιάσοισα
635 1389 786 1484 η’μαρτοιι
821 1386 857 1462 ἐν
881 1393 924 1480 ιῇ
960 1388 1134 1483 ὁμοιότητι
1165 1394 1235 1460 τῶν

49 1497 209 1581 πυξίάοιιι.
232 1491 320 1568 ἄλλά
341 1493 476 1588 θάρρει
493 1492 598 1586 ῥᾴστη
613 1497 678 1585 ’γάρ
694 1491 714 1582 ἦ
730 1494 850 1562 ιοιιιοιι
864 1489 1041 1616 depositio.
1059 1493 1145 1587 ῥόδα
1167 1494 1232 1585 γάρ

46 1597 136 1690 μόνοι
158 1597 190 1670 ei
212 1601 336 1694 φάγοις
357 1591 515 1688 ἀποδύσῃ
536 1596 576 1666 τά
598 1599 725 1685 κτῆνος

136 1709 216 1794 App.
237 1707 295 1772 ΠΙ.
316 1729 348 1791 p.
372 1709 444 1770 221.
486 1702 540 1770 Me
564 1701 737 1786 trepidatio
759 1701 855 1768 simul
877 1707 911 1768 ot
931 1701 1095 1768 festinatio
1117 1701 1234 1770 fefellit

48 1818 83 1877 et
104 1809 254 1896 pyxidum
284 1805 457 1874 similitudo
484 1803 622 1888 decepit.
666 1803 731 1870 Sed
761 1804 857 1885 bene,
885 1803 970 1888 quod
992 1804 1118 1876 fecilior
1138 1805 1233 1874 huius

48 1911 292 1982 reformationis
318 1908 446 1978 medels
472 1907 665 1992 suppeditet.
719 1907 802 1974 Nem
824 1908 907 1974 rosis
930 1913 1056 2005 tontum
1079 1909 1234 1978 demorsi-

47 2018 134 2086 retis
156 2015 257 2083 exibis
279 2014 404 2078 ssimum
427 2015 487 2078 eto.

137 2120 172 2202 5)
193 2117 270 2182 Luo.
293 2119 344 2180 43.
388 2105 536 2190 κάκεῖνος
563 2104 641 2178 οὐδὲ
667 2106 758 2196 αὐτῷ
786 2110 924 2197 aequipo
946 2100 1031 2192 εἶχεν
1057 2105 1234 2202 άγοράοιιι,

48 2214 111 2304 οὐχ
126 2214 222 2296 ὅπως
235 2210 321 2302 ἐμοί·
336 2211 394 2282 καὶ
408 2205 616 2300 donatiquos·
630 2211 738 2302 πηλὸν
759 2205 861 2302 ὑγράν
881 2211 939 2278 καὶ
961 2211 1069 2300 πάγον
1090 2214 1235 2305 σκληρὸν

47 2319 107 2388 καὶ
132 2313 211 2400 deor
232 2315 395 2387 dudsovsr
416 2313 474 2384 καὶ
495 2317 615 2405 φαγεῖν
635 2316 733 2380 τοῦτο
754 2309 860 2398 μόνον
882 2305 1085 2405 ἀμφοτέροις
1107 2319 1156 2404 ἥν.

136 2425 215 2508 App.
238 2421 285 2488 IX
303 2443 335 2506 p.
357 2425 428 2488 654.
471 2417 627 2484 Dominus
657 2438 736 2500 pree
763 2418 862 2484 nimia
890 2423 1083 2502 paupertate
1110 2443 1150 2488 ne
1173 2419 1234 2490 sibi

50 2525 188 2611 quidem,
216 2523 334 2592 nedum
363 2523 455 2600 milri,
484 2519 590 2604 potuit
612 2523 755 2584 stramen
776 2519 907 2602 aliquod
928 2539 1056 2604 parere.
1100 2523 1150 2588 Ad
1171 2523 1235 2590 hoo

47 2630 154 2696 lutum
181 2627 276 2695 nimis
302 2624 452 2710 [rigidum
480 2621 618 2707 geluque
638 2629 816 2705 praeacuta
837 2613 1059 2690 frusto'uudis
1080 2625 1234 2694 invadens

48 2731 185 2818 pedibus
215 2729 424 2796 enitebar..
418 2741 421 2748 '
448 2731 547 2794 ..et
573 2723 651 2790 mihi
673 2728 707 2788 et
728 2723 856 2792 domino
877 2746 957 2794 oens
977 2748 1039 2812 per
1060 2747 1100 2796 se
1122 2729 1235 2800 similis

49 2833 166 2902 aderet
151 2829 247 2900 teto.

138 2937 171 3020 6)
138 2933 345 3002 6Ιιιιιίιιιι.
366 2936 418 2998 46
461 2931 504 3020 τῇ
525 2920 556 2996 δ’
578 2922 793 3020 ὖοιιροιίᾳ’
759 2953 792 2997 ιι
812 2930 874 3014 μὲν
887 2925 1047 3000 άιιαθιι“
1031 2962 1047 3002 o
1063 2928 1236 3024 κηπουρός

49 3065 70 3106 ο
57 3035 177 3122 ‘spor
196 3033 358 3123 ὁιςπόιης
381 3024 440 3100 οὐκ
463 3022 593 3100 olda.

138 3140 218 3225 App.
242 3137 270 3202 Χ
292 3136 363 3202 ιιιιι
414 3134 475 3200 Die
497 3132 656 3219 sequenti
672 3153 761 3199 mens
789 3135 919 3220 quidem
947 3136 1093 3206 dominus
1121 3138 1231 3206 hortu·

51 3244 148 3310 lenus
170 3240 248 3326 quid
269 3240 379 3325 egerit,
401 3237 519 3304 neseio.

67 3401 69 3410 ι
139 3351 167 3412 7.
210 3347 315 3428 Atque
349 3340 432 3408 odeo
460 3337 594 3406 Lucisni
629 3339 772 3406 narratio
803 3340 851 3427 (in
879 3361 949 3426 oop.
980 3345 1035 3430 47)
1060 3295 1234 3430 respondet

50 3444 199 3530 Appuleii
229 3445 334 3515 uerbis
362 3443 415 3510 lib.
437 3441 467 3506 X
494 3462 525 3526 p
550 3445 797 3520 706-7073-
755 3445 906 3527 quod
928 3467 1039 3514 verum
1061 3467 1132 3516 esse
1154 3451 1233 3517 sotis

33 3533 273 3615 'demonstrent
291 3543 473 3612 huiusmodi
501 3543 677 3628 exempla:
694 3539 753 3630 τὴν
778 3543 878 3634 τύχηι
904 3543 994 3638 ὁρῶν
1020 3543 1154 3619 deroldo
1174 3576 1236 3636 μοι

51 3647 338 3740 προσμειδιῶσιν.
381 3685 423 3700 -
466 3644 595 3713 Mollius
623 3645 699 3712 mihi
720 3648 895 3716 renidentis
923 3650 1072 3718 fortunae
1095 3660 1234 3722 oontem-

50 3750 159 3836 platus
177 3750 315 3826 faeiem
337 3785 365 3797 -
387 3745 425 3816 sd
448 3746 486 3815 δὲ
508 3742 698 3833 συμπόσιον
719 3744 884 3818 &eleusino
906 3755 954 3841 τῷ
975 3740 1104 3840 ydikon.
1156 3813 1164 3828 .

136 3855 201 3937 Ap:
224 3851 400 3920 oonuivium
421 3853 635 3938 summo-risu
657 3852 864 3935 personabat.
888 3891 929 3906 -

138 3953 243 4035 Quid?
269 3955 355 4041 quod
376 3955 503 4024 dicendi
523 3952 673 4033 artifieio,
702 3955 818 4038 quibus
847 3957 949 4026 utitur
970 3959 1140 4042 Lucienus,
1163 3961 1240 4030 imi-⁹

50 4064 156 4130 tatum
179 4077 250 4126 esse
264 4058 453 4144 Appuleium
476 4079 517 4126 ex
538 4059 600 4126 hoo
621 4057 765 4124 locorum
781 4063 1020 4146 compotatione
1039 4081 1234 4150 cognoscere

50 4162 148 4234 lieet?
176 4161 253 4230 Leo.
283 4181 352 4246 oop.
379 4168 409 4230 4.
435 4157 546 4247 μάγος
577 4157 637 4228 καὶ
666 4157 793 4245 μάχλος
822 4166 901 4250 App.
932 4166 964 4232 ll
989 4188 1019 4251 p.
1051 4173 1102 4247 97,
1123 4186 1234 4254 mago

50 4265 146 4353 primi
166 4266 304 4340 nominis
325 4271 359 4332 et
380 4266 482 4334 omnis
503 4265 654 4336 torminis
676 4268 883 4352 magistro.
929 4272 1005 4340 Luo.
1031 4279 1079 4342 14.
1100 4269 1139 4339 τὸ
1161 4273 1235 4359 norff·

50 4393 108 4452 νος
134 4361 323 4460 άποδάοῃ
350 4365 409 4436 τὸν
432 4367 472 4436 δὲ
498 4365 642 4459 ἐραστὴν
668 4363 901 4451 ἀποδώσεις
923 4375 1003 4458 App.
1026 4375 1085 4452 ΙΙΙ,
1109 4395 1138 4458 p.
1161 4379 1232 4442 221.

1059 4488 1075 4538 2
