2878 4698
540 164 753 228 -33—

58 329 258 414 persuadere
280 327 412 412 studuit,
435 331 480 396 sic
495 329 593 396 verba
615 329 752 412 facit¹):
776 329 810 396 Si
831 328 896 396 l'on
911 328 1076 396 considere
1097 329 1128 398 le
1143 329 1236 417 style,

60 433 141 499 dont
162 433 195 499 la
215 432 301 500 fable
330 430 491 499 attribute
514 432 674 498 bLucien
701 438 752 498 est
780 431 896 513 ecrite,
930 453 971 498 on
994 433 1129 514 sentire,
1157 431 1236 518 qu'il

56 535 168 601 differe
192 535 462 602 essentiellement
492 535 532 600 de
560 535 643 600 celui
671 535 710 600 de
734 541 784 600 eet
811 539 927 600 auteur
947 557 1007 620 par
1029 555 1093 601 une
1115 535 1236 620 simpli-

56 638 119 702 cite
134 639 317 720 touchante,
338 658 403 704 unc
417 635 544 711 naivite,
568 637 623 720 qui
638 633 746 702 decble
768 636 875 722 plutbt
889 635 937 704 les
953 637 1108 722 premiere
1123 637 1237 703 sibeles

55 740 232 807 litteraires
249 741 288 807 de
303 741 337 808 la
353 739 463 820 Grbce,
488 760 549 823 que
572 739 655 804 celui
677 739 732 804 des
747 740 913 806 Antonine.
958 739 1021 806 Alii
1041 737 1117 806 v'ero
1138 738 1238 805 libelli

57 845 249 928 scriptorem
277 843 377 908 multo
407 845 482 926 p'ost
508 843 608 926 impp.
638 841 838 908 Hadrianum
867 847 899 908 et
925 841 1104 908 Antoninos
1136 841 1237 908 fuisse

58 947 271 1026 contendunt,
303 949 339 1009 ut
362 943 477 1024 Cobet,
509 944 648 1009 omnium
670 945 767 1010 iudex
793 943 889 1010 facile
918 945 1154 1026 sevenssimus,
1182 945 1237 1029 qui

56 1049 141 1114 hanc
164 1047 355 1114 sententiam
378 1045 503 1128 dicit²):
534 1045 741 1130 „Quicunque
771 1047 900 1130 scripsit
921 1047 1053 1112 Lucium
1079 1047 1146 1114 sive
1176 1048 1238 1114 asi-

55 1173 131 1215 num
154 1149 318 1234 aliquanto
342 1151 444 1216 serius
467 1169 563 1232 quam
586 1147 746 1214 Lucianus
768 1149 846 1242 visit
874 1154 908 1215 et
930 1151 1109 1234 graecitate
1134 1151 1238 1215 utitur

59 1253 225 1336 aliquanto
248 1253 434 1318 deteriore.“
479 1251 542 1316 Sed
568 1271 641 1317 mea
663 1256 713 1316 est
735 1251 832 1316 animi
861 1253 1035 1330 sententia,
1064 1256 1102 1317 ut
1122 1251 1237 1330 librum
1337 1273 1360 1290 ··

55 1356 156 1436 illum,
179 1355 234 1438 qui
256 1354 400 1420 codicum
423 1355 617 1420 auctoritate
639 1353 724 1418 inter
745 1353 923 1418 Lucianeos
945 1353 1094 1444 legitur,
1109 1375 1173 1420 non
1194 1355 1237 1422 ad

56 1457 241 1530 litterarum
273 1477 461 1542 graecarum
494 1457 648 1540 optimam
681 1460 821 1522 aetatem
852 1455 1073 1535 referendum,
1078 1449 1081 1454 ’
1106 1459 1164 1522 aut
1194 1457 1238 1522 ad
1288 1471 1294 1480 “

57 1559 254 1644 decrepitam
279 1565 477 1626 senectutem
500 1558 752 1640 detrudendum
775 1557 864 1624 sed
854 1579 916 1642 1ps1
908 1557 1072 1624 'Lucieno
1094 1557 1237 1624 tribuen-

57 1661 133 1727 dum
157 1683 228 1728 esse
251 1684 406 1728 censeam
449 1663 577 1764 Etepim
600 1681 793 1745 quamquam
823 1665 942 1727 multas
971 1659 1126 1728 orationis
1155 1658 1238 1726 diffi-

56 1766 199 1830 cultates
230 1769 262 1830 et
288 1785 342 1830 res
372 1765 580 1830 inusitatas
570 1786 604 1828 1n
633 1785 671 1830 eo
697 1763 831 1828 inveniri
861 1763 946 1829 inter
968 1784 1078 1845 omnes
1100 1767 1238 1844 constat,

56 1873 168 1934 tamen
191 1871 316 1932 tantam
339 1887 449 1934 earum
472 1888 543 1934 esse
566 1869 629 1934 vim
649 1867 847 1950 negaverim,
875 1871 913 1932 ut
935 1865 1084 1932 fabellam
1105 1865 1235 1951 lepidis·

57 1972 177 2036 simam
199 1971 239 2034 ab
263 1975 395 2036 auctore
416 1970 646 2036 iucundissimo
669 1967 848 2034 abiudicari
869 1973 1042 2052 oporteret.
1088 1968 1181 2046 Quod
1201 1972 1239 2034 ut

58 2072 269 2156 comprobare
295 2073 431 2156 possim,
453 2093 519 2138 non
538 2071 633 2138 modo
655 2092 710 2138 eos
732 2071 840 2152 locos,¹
865 2091 905 2138 ex
927 2071 1043 2155 quibus
1072 2071 1137 2136 iam
1158 2070 1236 2139 mul-

59 2176 102 2240 tis
130 2174 208 2240 viris
239 2173 397 2242 dubitatio
429 2184 479 2240 est
508 2179 592 2250 crta,
624 2179 681 2240 aut
704 2173 875 2239 defendere
906 2179 964 2240 aut
994 2173 1155 2259 explicare
1168 2178 1239 2238 ¹aut

59 2275 233 2344 emendare
247 2299 306 2361 pro
326 2277 445 2343 viribus
467 2275 611 2358 studebo
635 2277 691 2342 sed
714 2278 810 2344 etiam
832 2277 1007 2342 locutiones
1030 2281 1063 2341 et
1083 2273 1241 2342 vocabula

59 2400 236 2465 congerere
252 2380 402 2482 conabor,
426 2401 508 2463 quae
525 2379 585 2445 et
576 2401 609 2444 1n
623 2380 756 2464 reliquis
772 2379 904 2446 Luciaui
925 2377 1016 2445 libris
1039 2377 1102 2444 et
1092 2399 1126 2443 m
1149 2365 1255 2446 asino¹

60 2485 187 2570 saepius
215 2483 308 2548 nobis
337 2489 519 2548 occurrunt.
563 2481 701 2549 Maxime
735 2487 790 2548 aut
792 2503 843 2548 em
871 2503 929 2548 eae
963 2481 1141 2547 locutiones
1169 2501 1240 2564 spe-

60 2587 199 2655 ctandae
220 2583 297 2648 mihi
318 2583 427 2658 vident
427 2605 475 2665 ur,
498 2605 580 2668 quae
601 2606 672 2650 cum
685 2585 820 2651 Luciani
834 2585 984 2684 propriae
1006 2589 1040 2647 ct
1061 2580 1240 2666 peculiares

60 2692 134 2770 sint,
159 2693 212 2754 sat
212 2688 241 2752 ie
264 2690 315 2752 ost
302 2684 452 2765 tiendun,
481 2687 566 2754 hunc
595 2687 740 2754 libellum
766 2687 859 2770 quasi
887 2685 1079 2770 cognatione
1107 2704 1172 2748 non
1193 2684 1242 2758 ita
1327 2679 1337 2697 '

58 2792 234 2876 longinqua
256 2789 417 2874 attingere
438 2790 572 2856 Luciani
602 2791 720 2874 scripta
748 2790 887 2854 omniurn
915 2807 1072 2868 consensu
1095 2787 1241 2870 genuina.
1264 2818 1267 2826 ·

60 2895 134 2972 Qua
154 2893 189 2958 in
210 2913 246 2958 re
265 2891 449 2958 adiumento
473 2895 506 2956 et
529 2891 647 2958 auxilio
669 2891 747 2956 mihi
767 2890 866 2955 fuisse
880 2911 945 2956 non
961 2889 1072 2955 dubito
1094 2887 1239 2973 profiteri

58 2997 199 3060 indicem
222 3013 414 3078 graecuma
435 2991 594 3061 Jacobitio
618 2993 665 3079 (in
685 2995 738 3061 vol
760 2993 826 3074 IV.)
848 2993 979 3058 editioni
994 3011 1071 3058 suae
1094 2989 1241 3065 additum

62 3105 95 3164 et
119 3095 385 3180 disputationem,
405 3085 513 3180 'quam
543 3097 672 3180 scripsit
697 3095 946 3178 Jncunentag
968 3094 1008 3159 de
1032 3092 1160 3172 subdito
1184 3091 1241 3176 qui

59 3203 144 3266 inter
166 3197 344 3265 Lucianeos
366 3199 431 3282 legi
453 3199 541 3266 solet
558 3199 685 3282 dialogo
702 3199 869 3266 Toxaride.
893 3197 1009 3278 (Berol.
1036 3200 1141 3277 1860).
1179 3187 1263 3258 Hic

60 3303 159 3382 enim,
193 3321 265 3366 cum
293 3300 461 3365 Toxaridis
490 3301 678 3385 scriptorem
705 3301 838 3366 Luciani
867 3299 1046 3390 orationem
1085 3297 1243 3363 imitatum

61 3423 133 3470 esse
164 3401 385 3469 demonstrare
415 3401 522 3482 vellet,
558 3425 682 3470 summa
711 3403 880 3488 diligentia
910 3399 1093 3480 adnotavit,
1128 3400 1242 3483 quibus

60 3504 166 3573 verbis
190 3511 224 3570 et
249 3505 462 3572 locutionibus
491 3510 604 3588 auctor
632 3505 867 3572 Samosatensis
900 3511 932 3570 et
958 3503 1074 3587 quibus
1102 3503 1136 3567 in
1162 3503 1242 3568 locis

60 3609 201 3676 maxime
215 3613 369 3674 uteretur.
413 3609 519 3693 Atque
540 3609 620 3674 haec
641 3609 842 3692 potissimum
864 3606 971 3672 inveni
994 3605 1149 3689 exempla,
1172 3607 1242 3688 qui-

62 3711 122 3777 bus
147 3731 304 3776 summam
324 3712 410 3776 inter
425 3711 602 3777 Lucianum
624 3717 658 3776 et
671 3709 818 3790 fabellae,
842 3709 881 3774 de
897 3729 961 3792 qua
975 3709 1108 3792 agimus,
1132 3714 1243 3776 aucto·
1263 3729 1266 3734 “

13 3869 20 3890 ,
61 3835 130 3880 rem
153 3814 309 3879 sermonis
333 3805 574 3880 similitudinem
601 3812 798 3880 intercedere
826 3810 1058 3878 ostenderetur.
1110 3823 1112 3829 ’

152 3914 182 4000 1)
198 3913 332 4000 Saepius
348 3937 445 4000 quam
467 3915 508 3982 ab
523 3916 588 3982 ullo
604 3917 668 3982 alio
684 3915 850 4000 scriptore,
873 3935 894 3980 a
908 3913 1048 3978 Lucieno
1070 3911 1243 3997 interposi·

61 4021 183 4086 tionem
198 4019 245 4083 ita
258 4019 409 4104 usurpari
425 4018 568 4104 Guttent.
584 4041 614 4104 p.
632 4025 672 4086 37
687 4018 757 4084 iure
773 4017 862 4096 dixit,
885 4020 940 4098 „ut
955 4037 993 4082 ea
1013 4035 1096 4100 quae
1112 4016 1154 4082 ad
1174 4038 1244 4084 rem

133 4257 347 4330 ¹)Tradueti0n
365 4258 414 4314 des
431 4275 547 4314 ocurras
566 4259 601 4315 de
619 4256 738 4328 Lucien,
756 4260 809 4314 vol.
827 4258 912 4330 IIIp
933 4254 990 4314 lte.
1025 4254 1200 4337 Parianae.

95 4353 99 4362 “
134 4343 156 4412 ²)
175 4341 280 4399 Variae
298 4344 433 4400 lectiones
451 4343 584 4415 Lugdun.
617 4343 682 4400 Bat
702 4341 813 4415 18541).
831 4345 891 4401 260.

1018 4434 1034 4481 8
