2878 4698
224 1 676 108 μυνρρνιαμ.
713 57 718 64 .
762 1 870 108 ·'.*
922 13 1029 74 ινιι
1061 32 1184 82 ...ιι-α
1292 23 1299 32 ·

302 131 489 276 ιὶριγῖ
650 201 692 208 -
736 169 776 228 50
820 201 863 212 -
1161 119 1169 140 .

164 329 287 396 rillanti
314 335 348 396 et
377 330 513 398 acerbae
536 332 760 415 Aristophanis
780 332 907 412 Musae,
935 334 984 399 ita
1014 335 1110 398 etiam
1133 331 1257 396 ludicro
1282 331 1349 395 Lu·

166 433 249 500 ciani
278 431 353 498 stilo
381 432 483 498 multa
503 433 613 512 licere,
644 455 727 516 quae
755 435 796 500 ab
818 435 954 500 aliorum
975 434 1167 517 scriptorum
1190 434 1351 499 orationis

166 537 356 600 austeritate
385 555 423 598 ac
453 535 623 600 severitate
653 537 843 621 discrepent.
887 537 1038 620 Idemque
1064 536 1234 616 Lobeck1)
1256 541 1350 600 recte

52 681 56 693 -
164 636 353 714 adfirmavit,
375 633 729 803 verbumfffflffio,
754 639 841 723 qnod
864 637 991 703 Atticae
1014 638 1102 721 genti
1122 636 1262 701 insolens
1289 657 1351 700 ne-

70 788 75 815 .
166 761 228 822 que
259 744 334 804 ante
361 759 505 804 commun
568 740 695 820 linguae
722 742 919 805 incrementa
947 747 1040 803 extra
1064 739 1190 804 Ionicae
1214 739 1350 803 dialecti

49 838 75 918 ,’
165 840 245 906 fines
270 846 441 924 evagatum
463 846 557 918 esset,
582 862 601 904 a
623 841 764 906 Lucieno
787 847 978 925 usurpatum
994 862 1071 920 esse,
1095 841 1149 905 ubi
1163 841 1349 918 mulionem,
1436 889 1437 896 .

166 943 205 1008 de
234 943 327 1027 plebe
349 943 515 1019 hominem,
536 943 720 1025 loquentem
741 944 917 1008 induceret.
943 945 986 1020 (in
1009 963 1077 1025 cup.
1102 949 1142 1007 32
1165 967 1190 1008 s.
1214 948 1258 1024 1.)
1303 945 1350 1007 Et

165 1044 323 1128 profectui
351 1046 465 1109 mirum
489 1052 548 1124 est,
581 1046 613 1108 iu
635 1046 713 1127 ipsis
736 1045 935 1110 sermonibus
957 1067 978 1108 a
998 1045 1159 1127 praedone
1183 1048 1266 1128 (cap.
1290 1045 1348 1130 25)

166 1151 199 1211 et
220 1169 241 1211 a
262 1146 401 1222 mollone
423 1147 506 1232 (cap.
530 1147 583 1229 32)
607 1147 726 1212 habitis
749 1150 852 1214 multa
873 1147 1021 1222 inveniri,
1053 1147 1084 1210 in
1109 1147 1224 1228 quibus
1247 1146 1349 1211 offen-

166 1249 289 1314 damus.
341 1247 438 1312 (luins
467 1247 514 1311 rei
541 1253 590 1313 tot
611 1251 757 1332 exempla
780 1257 861 1327 sunt,
887 1254 937 1320 (ut
959 1271 1029 1331 cap.
1053 1254 1092 1313 25
1116 1245 1280 1336 ἐδράξατο
1302 1287 1349 1296 -

162 1350 301 1434 gepaclrt
327 1350 416 1414 hiitte
444 1383 483 1396 -
512 1347 662 1438 κεφαλὴν
689 1347 876 1440 πρόχειρον,
898 1352 1143 1439 καθαιρεῖσθαι,
1163 1343 1241 1436 μηδ’
1272 1345 1348 1414 ἑαυ-

162 1449 222 1538 τήν
240 1443 438 1530 ἀποπνῖξαι,
462 1447 607 1539 σκώληξι
634 1452 828 1541 πεφυρμένη
857 1473 926 1536 cap.
958 1457 1007 1518 32.
1037 1445 1252 1534 ἐστόρπισεν,
1286 1447 1347 1516 ἐπὶ
1437 1448 1438 1522 l

56 1557 60 1579 ¹
163 1549 292 1637 γυναικὶ
315 1549 531 1637 κινούμενος.)
559 1559 596 1616 ut
618 1563 731 1618 auctor
753 1575 792 1618 ex
815 1555 936 1638 agresti
955 1555 1013 1618 illa
1035 1555 1271 1618 rusticanorum
1294 1554 1344 1615 di·
1372 1535 1376 1553 ⁵
1437 1559 1438 1562 ’

166 1655 257 1718 cendi
279 1655 404 1722 ratione
425 1656 458 1718 in
480 1655 539 1720 bas
561 1655 660 1720 libelli
681 1661 792 1738 partes
813 1657 932 1740 aliquid
953 1655 1156 1720 transtulisse
1172 1654 1215 1718 sit
1228 1658 1345 1736 putan-

165 1755 234 1822 dus.
275 1757 389 1840 Neque
411 1754 511 1822 ullam
534 1777 591 1821 cur
612 1757 659 1822 ita
681 1759 800 1835 feeerit,
823 1779 953 1822 causam
975 1758 1113 1832 invenio,
1142 1755 1204 1820 nisi
1225 1762 1261 1819 ut
1283 1755 1346 1822 bac

162 1857 314 1924 insolenti
335 1859 480 1924 oratione
495 1859 652 1924 lectorum
675 1860 797 1924 animos
821 1859 967 1924 delectet.
1013 1859 1117 1937 Quid?
1140 1857 1345 1940 quodetiam
1437 1869 1438 1916 ς

160 1960 194 2024 iu
228 1961 340 2026 eodem
367 1961 516 2026 mulionis
544 1981 690 2026 sermone
718 1962 850 2028 verbum
877 1961 995 2046 γαμεῖν
1024 1961 1142 2026 lascivo
1173 1965 1206 2022 et
1226 1981 1345 2042 spurco
1437 2021 1438 2030 ,

160 2082 257 2126 sensu
284 2063 438 2146 positum,
470 2063 556 2147 quod
581 2063 683 2128 Cobet
711 2064 987 2130 vehementissime
1018 2062 1225 2146 reprehendit
1248 2063 1344 2142 (Var.

161 2163 235 2229 lect.
265 2186 295 2248 p.
325 2165 387 2251 78),
415 2187 479 2231 non
506 2173 574 2232 tam
605 2167 772 2249 scriptoris
801 2168 941 2232 orationi
961 2165 1013 2230 vel
1034 2163 1203 2248 graecitati
1226 2181 1341 2246 oppro-

160 2265 229 2332 brio
251 2265 383 2347 faciam,
415 2291 509 2351 quarn
538 2269 586 2332 illi
615 2269 676 2352 ipsi
704 2270 855 2334 novitatis
885 2269 918 2331 in
948 2266 1084 2338 insolitis
1106 2267 1211 2328 verbis
1236 2271 1343 2330 osten-

137 2367 277 2434 tandae
299 2369 405 2433 studio
427 2369 590 2434 tribuam?
611 2370 734 2434 Deinde
755 2370 860 2453 ipsum
882 2368 1056 2434 buciacum
1080 2366 1246 2432 vocabulis
1270 2370 1342 2449 qui·

160 2470 296 2536 busdam
317 2471 422 2536 facete
444 2493 535 2536 usum
559 2493 629 2538 esse
651 2471 713 2536 loci
736 2473 815 2536 satis
837 2471 931 2536 multi
953 2469 1141 2546 ostendunt;
1165 2490 1204 2532 ex
1226 2468 1343 2550 quibus

158 2573 285 2636 nomino
302 2593 370 2658 cap.
396 2581 428 2638 5:
450 2566 603 2639 deodrico
624 2568 671 2650 εἷς
685 2571 744 2660 τὴν
759 2559 988 2662 Ποῖλαιστραν.
1032 2572 1134 2636 Nemo
1150 2573 1231 2636 enim
1254 2571 1343 2652 iguo·

159 2679 211 2737 rat
240 2675 338 2740 verbo
366 2669 599 2752 ἀποδύεσθαι,
629 2677 715 2759 quod
744 2675 930 2757 saepissime
957 2695 978 2738 a
1001 2674 1134 2738 Graecis
1157 2677 1340 2754 usurpatur,

162 2776 189 2838 si
212 2776 284 2858 quis
306 2777 349 2842 ad
372 2776 607 2842 colluctandum
630 2797 665 2841 se
680 2783 782 2858 peret,
804 2777 969 2859 aptissime
983 2796 1076 2838 usum
1091 2795 1160 2838 esse
1176 2779 1343 2838 auctorem

159 2876 363 2944 adludentem
393 2880 435 2944 ad
464 2900 572 2944 veram
593 2878 731 2944 nominis
755 2874 965 2965 παλαίστρας
992 2875 1255 2960 significationem
1277 2873 1342 2957 (cf.

126 3028 128 3073 3
158 2979 194 3042 L.
216 2979 356 3046 Diodori
374 2982 407 3046 in
429 2981 572 3046 thesaur.
588 2981 662 3064 ling.
679 3001 726 3062 gr.
749 2999 773 3042 s.
797 3001 824 3043 v.
849 2971 1013 3061 daedalon:
1056 2978 1147 3044 Aliae
1166 2981 1273 3042 autem
1288 2996 1342 3040 vo·

125 3104 127 3163 ς
158 3101 221 3159 ces,
245 3103 326 3165 ques
350 3083 520 3158 Lucienus,
541 3090 579 3149 ut
601 3081 755 3148 orationis
778 3081 917 3146 novitate
938 3081 1099 3146 ludicrum
1117 3080 1209 3144 illum
1231 3078 1341 3142 stilum

123 3182 126 3257 ξ
158 3182 308 3260 efficeret,
332 3187 494 3269 recepisse
516 3185 595 3250 mihi
617 3174 752 3262 videtur,
775 3183 806 3246 in
829 3182 918 3246 bisce
933 3181 1012 3246 locis
1028 3181 1246 3246 inveniuntur:
1270 3200 1340 3262 cap,

121 3328 124 3357 :
162 3292 207 3350 16.
237 3283 408 3373 κερδαίντν
430 3285 468 3354 τὸ
489 3286 535 3373 μὴ
560 3283 737 3354 παίεσθαι.
764 3289 813 3348 18.
836 3279 951 3371 ὥσπερ
975 3280 1137 3370 δυνάστης
1157 3279 1341 3369 μισοπόνη·

157 3409 224 3475 ρος.
249 3391 298 3452 25.
322 3374 540 3477 ἐργαστήριον
566 3390 675 3454 -ita
699 3389 780 3452 enim
803 3386 1000 3470 praedonum
1023 3384 1176 3468 spelunca
1199 3384 1340 3468 appella·

118 3558 121 3575 ι
157 3499 212 3554 tur
236 3526 275 3538 -
300 3480 562 3576 ἅρχιττκτόνιγμα
586 3490 855 3571 (crudelissimum
876 3488 955 3552 illud
970 3487 1142 3571 praedonis
1158 3486 1338 3568 consilium)

118 3584 121 3683 J
157 3597 205 3656 31.
227 3589 314 3676 μέγα
336 3588 439 3656 κακὸν
459 3592 607 3679 τορεύειν
629 3592 780 3675 (parare).
825 3589 928 3666 Quid?
955 3589 1041 3672 qnod
1066 3588 1197 3653 verbum
1220 3579 1341 3656 ἀναπί-

120 3692 130 3806 l
156 3713 252 3756 πτειν
272 3713 331 3776 pro
355 3684 581 3778 ἀνακλιθῆναι
610 3692 738 3765 fficium,
761 3693 878 3775 inquo
902 3687 1187 3775 Phrynichus'(ed.
1210 3687 1340 3752 Lobeck

154 3816 184 3876 p.
209 3799 294 3871 216.)
328 3793 421 3858 valde
452 3793 597 3884 offendit,
621 3794 684 3870 ‚tali
711 3795 804 3858 modo
834 3793 1057 3876 explicandum
1079 3813 1149 3858 esse
1171 3790 1339 3856 arbitror?

156 3896 198 3959 Ut
231 3895 315 3958 enim
346 3896 423 3960 God.
449 3896 613 3960 Hermann
649 3895 711 3960 hoc
739 3895 927 3962 vocabulum
953 3897 986 3960 in
1007 3894 1167 3978 Euripidis
1190 3891 1338 3976 Cyclope,

151 3997 249 4062 utin
275 3995 383 4062 sabula
412 3998 550 4077 ludicra,
583 3996 709 4061 defendi
736 4017 831 4080 posse
854 3999 993 4079 censuit,
1022 4000 1069 4062 ita
1090 3999 1124 4062 in
1145 3992 1207 4060 hcc
1228 3993 1338 4060 libello

154 4101 330 4166 lucianum
353 4140 393 4150 -
416 4099 500 4165 haud
525 4101 591 4166 scio
616 4122 656 4166 au
681 4100 785 4166 verbis
807 4101 871 4166 illis
894 4101 1075 4190 Euripideis
1097 4099 1177 4164 bene
1202 4095 1337 4181 cognitis

228 4325 248 4394 ¹)
285 4323 322 4378 ad
341 4322 494 4394 Phr-pulch.
515 4323 608 4382 adnot.
627 4342 654 4394 p.
673 4325 733 4380 eta
